1786 3080
166 641 241 676 Καὶ
262 639 515 688 taupennis
536 638 605 676 τὸν
625 639 832 687 κατάλογον
855 640 983 677 σκόπει
1003 637 1143 685 Ῥώμης
1162 637 1270 684 νέας,
1300 637 1470 684 βέλτιστε,

627 687 695 732 τῆς
714 688 1007 723 Κωνστιιντίνον.
1082 699 1091 710 ·

98 784 207 827 9565
226 781 276 828 ‘O
297 780 577 842 πρωτόκλητος
591 782 780 837 Ἀνδρίας
798 781 1046 834 ἀποστόλων,

230 857 303 907 τῆς
318 852 518 905 εὐσεβείας
535 852 851 909 ἕγκατασπείρων
867 852 1018 908 σπόρον

229 926 314 971 τοῖς
331 922 546 971 Ποντικοῖς
563 921 727 975 κλίμασι
745 922 811 963 καὶ
829 922 1044 971 Βιθυνίας,

232 986 315 1047 ὁδῷ
334 988 481 1044 προϊὼν
499 990 564 1031 καὶ
583 990 811 1041 Βυζαντίδα
830 987 1001 1046 φθάνει·

228 1055 279 1111 ἢν
298 1054 524 1114 φαιδρύνας
542 1054 736 1112 δόγμασιν
756 1057 896 1100 ἐνθέου
917 1055 1053 1112 λόγου,

95 1125 206 1167 9570
226 1127 397 1183 Χριστῷ
415 1124 456 1167 τ’
481 1125 643 1180 ἀγείρας
663 1127 836 1180 εὐσεβῶν
854 1126 1077 1179 ἐκκλησίας,

228 1191 433 1247 εὖκτῆριον
453 1192 595 1243 τεύξας
614 1210 656 1236 τε
674 1200 758 1244 τοῖς
778 1200 931 1243 πιστοῖς
948 1190 1073 1247 δόμον

227 1262 270 1303 ἓν
286 1259 543 1318 Χρυσοπόλει
563 1266 614 1318 τῇ
632 1262 847 1318 κεκλημένῃ
867 1261 994 1313 πόλει,

227 1329 439 1373 ἐπίσκοπον
457 1330 619 1384 τίθησιν
638 1331 680 1372 ἓν
696 1328 823 1387 ταύτῃ
843 1329 1018 1385 Στάχυν,

304 1446 398 1483 9573
429 1446 474 1481 de
501 1446 772 1490 Byzantinorum
802 1446 1042 1493 episcoporum
1074 1451 1154 1482 ante
1181 1446 1402 1483 Constantini
1424 1447 1538 1492 magni

306 1497 453 1528 aetatem
476 1492 564 1526 falsa
586 1492 692 1536 serie,
719 1504 740 1526 a
762 1493 896 1538 Stachy
916 1504 1025 1538 usque
1046 1494 1092 1528 ad
1113 1493 1276 1536 Probum,
1299 1493 1385 1527 satis
1400 1500 1540 1538 praeter

307 1539 396 1573 alios
429 1538 593 1573 disseruit
623 1538 813 1584 Lequinins
835 1539 872 1572 in
895 1539 1052 1574 Orientis
1076 1539 1267 1574 Christiani
1296 1546 1389 1573 tomo
1412 1539 1537 1585 primo.

305 1584 373 1618 hoc
394 1589 489 1618 certe
508 1584 701 1618 rectissime
723 1583 869 1628 dicitur,
895 1585 1110 1630 suppositum
1132 1585 1225 1619 illum
1248 1585 1425 1619 Dorotheo
1448 1597 1539 1619 mar-

306 1630 378 1674 tyri
401 1629 572 1673 libellum,
605 1630 641 1663 in
665 1640 733 1674 quo
756 1630 933 1675 praedicta
957 1631 1067 1665 series
1091 1630 1313 1676 proponitur,
1346 1630 1436 1664 haud
1458 1638 1541 1665 ante

302 1675 474 1710 Photiana
494 1682 651 1720 tempora
674 1675 783 1709 fuisse
804 1677 1005 1719 confictum,
1029 1676 1303 1722 quandoquidem
1327 1682 1363 1710 et
1385 1676 1442 1710 ille
1464 1678 1539 1720 By-

305 1721 518 1755 zantinorum
552 1721 792 1766 episcoporum
825 1722 1025 1766 catalogus,
1061 1722 1120 1767 qui
1144 1733 1164 1755 a
1187 1734 1242 1756 me
1263 1722 1299 1755 in
1323 1721 1538 1756 collectionis

305 1765 497 1800 vaticanae
519 1767 692 1800 volumine
713 1766 824 1810 primo
847 1767 1011 1801 recitatus
1034 1774 1105 1810 est,
1126 1768 1251 1801 seriem
1273 1767 1364 1801 illam
1388 1768 1537 1811 ignorat,

306 1811 388 1856 quia
421 1811 585 1846 videlicet
613 1811 645 1845 is
674 1811 849 1855 catalogus
877 1820 1053 1846 auctorem
1076 1813 1246 1847 Photiano
1274 1813 1458 1847 schismate
1480 1825 1539 1847 se-

305 1856 437 1891 niorem
457 1857 581 1891 habet=
604 1855 734 1891 desinit
752 1856 842 1890 enim
864 1856 902 1889 in
923 1856 1103 1891 Methodio
1126 1858 1164 1900 1,
1186 1857 1247 1902 qui
1268 1864 1421 1892 sanctum
1443 1858 1535 1892 illum

303 1903 473 1947 Ignatium
520 1902 699 1944 raecessit,
722 1907 842 1935 contra
865 1913 964 1946 quem
985 1902 1131 1936 Photius
1153 1909 1323 1946 tyrannus
1345 1904 1536 1938 debaccha-

304 1954 361 1982 tus
385 1954 452 1981 est.
531 1947 741 1992 phraemium
772 1948 966 1992 praesentis
1000 1948 1148 1992 catalogi
1175 1955 1347 1982 auctorem
1371 1949 1538 1983 schisma-

305 1993 375 2027 tico
397 1993 507 2026 fuisse
529 1993 660 2035 animo,
695 1992 781 2026 satis
804 1992 1039 2037 cognoscimus
1063 2005 1107 2027 ex
1128 1993 1241 2027 Alexii
1260 1994 1313 2027 111
1334 1995 1532 2028 Theodori-

241 2035 245 2040 ’
304 2049 373 2083 que
389 2038 407 2072 1
423 2038 520 2072 vitis.
555 2038 585 2071 is
603 2037 722 2082 igitur,
741 2043 779 2071 ut
794 2037 852 2071 alii
869 2038 963 2084 paris
978 2038 1147 2083 dogmatis
1163 2039 1379 2084 partiumque
1395 2041 1536 2083 Graeci,

304 2083 430 2118 seriem
477 2083 683 2126 medicum,
711 2083 824 2118 invita
845 2083 929 2117 licet
949 2083 1119 2127 veritate,
1144 2095 1212 2118 non
1235 2091 1290 2119 est
1311 2094 1535 2130 aspernatus3

302 2140 394 2175 quae
415 2140 460 2163 ve
494 2129 631 2174 patriae
652 2128 804 2173 gloriae,
839 2135 879 2163 ut
899 2129 962 2173 fit,
995 2129 1100 2164 nimio
1124 2141 1260 2173 amore,
1294 2130 1351 2165 vel
1375 2131 1420 2164 ob
1443 2131 1532 2166 falso

302 2175 576 2219 exaggerandam
595 2174 780 2219 Byzantini
801 2174 1021 2229 episcopatus
1041 2175 1299 2220 antiquitatem,
1321 2182 1443 2210 contra
1459 2177 1534 2211 Ro-

300 2231 422 2254 manae
444 2220 611 2254 ecciesiae
636 2226 918 2265 praerogativas,
956 2221 1103 2255 conficta
1125 2221 1204 2255 fnit.
1254 2228 1308 2255 est
1329 2221 1436 2265 igitur
1460 2222 1535 2267 pri·

299 2277 374 2300 mus
408 2265 572 2310 Byzantii
602 2265 764 2299 indubius
792 2265 974 2319 episcopus
996 2266 1057 2301 ille
1079 2266 1325 2312 Metrophanes
1347 2268 1413 2301 sub
1436 2268 1533 2302 Con-

300 2311 452 2345 stantino
482 2323 626 2356 magno,
662 2311 719 2344 vel
747 2317 863 2355 potius
885 2312 948 2346 sub
972 2312 1104 2346 Severo
1128 2312 1336 2358 imperatore
1357 2312 1535 2347 Philadel-

302 2356 411 2400 phus,
440 2358 626 2391 secundum
646 2356 839 2390 Simeonem
856 2356 1143 2402 Metaphrastem:
1172 2369 1286 2402 neque
1307 2358 1395 2392 enim
1418 2359 1534 2393 credi-

300 2401 371 2435 bile
404 2402 543 2437 videtur
571 2402 776 2446 Byzantium
807 2402 899 2436 haud
929 2402 1116 2447 ignobilem
1140 2404 1258 2437 urbem
1279 2403 1433 2437 caruisse
1455 2405 1533 2449 epi-

299 2457 407 2493 scopo
425 2459 534 2494 usque
553 2449 596 2482 ad
617 2459 728 2482 novae
745 2447 840 2482 urbis
860 2447 1073 2483 fundatorem
1096 2448 1151 2483 vel
1170 2448 1287 2494 potius
1308 2449 1441 2484 veteris
1459 2461 1533 2485 am-

155 2545 448 2583 Patr-turchorum
472 2550 589 2594 accipe
612 2559 710 2583 nunc
731 2549 939 2595 catalog-uns
960 2551 1119 2585 novellae
1142 2551 1276 2585 Romae
1305 2537 1464 2596 Cpoieos.

173 2614 303 2659 (9565)
324 2615 562 2660 Apostolorum
584 2616 741 2650 Andreas
760 2617 972 2662 protocletus
994 2629 1068 2652 cum
1089 2616 1268 2662 religionis
1287 2629 1396 2653 verae
1413 2630 1530 2654 semen

83 2666 267 2703 spargeret
297 2671 362 2705 per
390 2661 494 2695 Ponti
521 2661 683 2705 regiones
713 2673 756 2696 ac
785 2663 990 2707 Bithyniae,
1024 2663 1113 2697 ultra
1139 2674 1344 2708 progressus
1369 2666 1531 2710 pervenit

0 2702 18 2715 “’
84 2703 307 2748 Byzantium3
330 2717 429 2749 quam
452 2718 526 2741 cum
549 2707 669 2740 divino
693 2708 802 2742 verbo
820 2708 1029 2744 illustrasset
1051 2710 1168 2742 urbem
1190 2709 1316 2752 (9570)
1339 2717 1376 2744 et
1397 2711 1531 2744 confla-

0 2764 16 2810 ἐ
85 2749 195 2784 visset
225 2751 365 2785 Christo
395 2751 607 2786 credentium
638 2758 792 2796 coetum,
833 2756 952 2790 aedem
986 2754 1107 2788 orandi
1139 2764 1244 2788 causa
1273 2754 1341 2800 piis
1371 2755 1532 2790 fidelibus

86 2795 284 2830 aedificavit
304 2798 459 2841 proxima
479 2798 516 2832 in
540 2798 771 2844 chrysopoli,
799 2800 1046 2846 constituitque
1069 2799 1267 2846 episcopum
1286 2799 1339 2835 ibi
1361 2801 1532 2846 stachyn,
