1786 3080
235 147 333 194 396
777 154 1129 200 EPHRAEMIUS

449 264 533 305 Καὶ
556 266 672 307 τοῦδε
695 265 740 308 τὸ
765 267 834 321 ζῆν
854 266 1166 323 ἐκμετρησαντος
1185 267 1303 329 μόρῳ

233 332 344 374 9880
369 331 608 383 Καλλίνικός
630 351 710 385 τις,
741 333 933 390 γεννάδας
952 335 1161 391 θυηπόλος

368 402 434 441 καὶ
457 399 710 458 σκευοφύλαξ
729 405 970 460 Βλαχερνῶν
991 405 1214 461 ἐκκλησίας,

370 468 471 524 ἀνὴρ
490 466 594 527 λόγῳ
612 471 689 528 βίῳ
706 487 748 513 τε
767 475 900 522 καλῶς
917 473 1140 529 ἐμπρέπων,

366 535 502 590 λαβὼν
522 538 757 595 ἐκυβέρνησε
777 536 849 594 τὴν
872 541 1101 596 ἐκκλησίαν·

363 604 498 648 ὅντινα
520 603 754 662 ῥινότμητος
771 606 872 658 ἄναξ
890 608 1039 660 ἀδίκως

230 675 338 717 9885
364 673 493 731 πηρὸν
512 675 719 731 δεδρακὼς
739 674 935 726 ἐξελαύνει
952 682 1024 720 τοῦ
1044 675 1210 734 θρόνου.

444 743 581 799 Κῦρον
604 743 644 785 ‹5’
669 744 743 785 ἀπ’
776 743 1060 802 Ἀμάστριδος
1081 746 1263 803 ἀγαγών,
1296 743 1426 800 θῦτην

323 862 335 871 ³
362 807 581 865 ἴγκλειστον
605 810 723 863 ὅντα,
757 811 1026 870 ποιμενᾶρχην
1046 813 1234 859 δεικνύει·

360 876 406 919 ὃν
431 879 669 930 Φιλιππικὸς
685 882 877 934 βασιλεὺς
895 879 916 924 ὅ
938 881 1172 938 Βαρδάνης,

358 943 666 1003 ὗπερμαχοῦντα
683 946 895 1004 δογμάτων
914 953 994 991 τῶν
1015 951 1178 1003 ἐνθέων,

224 1017 336 1058 9890
358 1013 511 1070 θρόνου
532 1032 575 1058 τε
596 1017 765 1071 ποίμνης
786 1015 992 1068 ἀπελάσας
1007 1017 1158 1070 ἀδίκως

358 1082 623 1144 ἄντικαθιστᾷ
643 1086 797 1140 λευίτην
814 1083 1013 1140 Ἰωάννην,

358 1150 454 1194 ὄντα
472 1150 767 1210 χαρτουλάριον
789 1155 1047 1207 οἰκονομείου,

357 1219 486 1273 ἄνδρα
507 1219 721 1276 στυγητόν,
755 1222 963 1275 Εὗτυχοῦς
979 1221 1207 1280 Διοσκόρου

356 1286 567 1345 ὁμόφρονα
583 1287 739 1344 μύστην
759 1307 821 1341 τε,
851 1294 923 1344 τῆς
942 1292 1111 1346 ποίμνης
1131 1289 1262 1344 λύκον,

222 1358 331 1400 9895
355 1356 400 1408 ὃς
419 1354 616 1412 ἐξεβλήθη
636 1362 710 1400 τοῦ
727 1357 881 1414 θρόνου
900 1357 1002 1412 μάλ’
1028 1360 1203 1410 ἐνδίκως.

441 1422 577 1479 Θύτης
597 1427 642 1468 δὲ
658 1428 841 1483 Χριστοῦ
860 1429 927 1468 καὶ
946 1428 1090 1481 νομεὺς
1108 1423 1386 1484 ψυχοτρόφος,

356 1496 468 1542 θεῖος
489 1495 529 1534 Γ
527 1492 695 1549 ερμανός
702 1526 716 1545 ,
751 1494 910 1551 ἀρεταῖς
927 1493 1096 1549 λα’μπων
1115 1494 1260 1552 λόγοις,

352 1561 414 1602 ἐπὶ
436 1563 598 1614 λυχνίαν
616 1563 789 1612 ἐντεθεὶς
809 1562 864 1612 ὥς
886 1581 946 1613 τις
965 1562 1108 1618 λύχνος

352 1632 425 1681 τῆς
443 1630 747 1672 Κωνσταντίνου
762 1634 821 1686 τῷ
836 1629 1035 1688 περιόπτῳ
1052 1630 1206 1688 θρόνῳ,

218 1698 329 1738 9900
352 1695 480 1751 λόγων
503 1698 685 1751 διδαχαῖς
706 1696 1006 1754 κατελάμπρυνε
1027 1699 1175 1741 κτίσιν*

351 1761 460 1814 ὅστις
478 1766 725 1821 προβληθεὶς
744 1764 1013 1823 ποιμενάρχης
1029 1767 1220 1819 Κυζίκου,

429 1903 521 1939 9900
557 1903 722 1939 Germani
756 1904 856 1940 huius
891 1906 1062 1951 prolixum
1094 1908 1278 1940 tractatum
1311 1904 1356 1940 de
1387 1904 1483 1941 vitae
1516 1901 1662 1940 'termino

431 1954 533 1983 antea
566 1950 732 1984 ineditum
765 1951 873 1986 habes
908 1951 945 1986 in
979 1951 1192 1986 collectionis
1221 1949 1413 1985 vaticanae
1441 1951 1611 1985 volumine
1643 1952 1662 1985 1

429 2007 466 2040 p.
490 1995 706 2038 285—3153
741 1998 833 2041 quod
862 1998 1028 2042 scriptum
1054 1998 1123 2031 sibi
1145 1997 1289 2031 Photius
1312 1996 1348 2030 in
1371 1996 1663 2042 Amphilochianis

431 2046 677 2085 usurpaverat,
709 2042 759 2075 uti
782 2043 884 2076 docui
906 2043 984 2077 coll.
1009 2044 1130 2088 praed.
1155 2048 1182 2076 t.
1204 2044 1227 2076 2
1251 2055 1285 2088 p.
1306 2042 1394 2087 682,
1426 2042 1486 2077 ubi
1509 2042 1661 2077 eiusdem

429 2086 708 2131 complementum
734 2099 777 2121 ex
799 2088 866 2122 alio
891 2088 1011 2123 codice
1034 2088 1175 2134 protuli.
1201 2087 1252 2122 Μ.

303 2209 389 2243 Post
419 2208 510 2243 hunc
537 2209 704 2242 communi
726 2210 799 2243 fato
823 2215 1018 2255 exemptum
1039 2210 1130 2246 vivis
1166 2211 1293 2255 (9880)
1315 2209 1522 2253 callinicus,
1557 2221 1658 2254 egre·

212 2254 289 2299 gius
320 2254 376 2287 dei
406 2254 589 2298 sacerdos,
623 2254 660 2288 in
681 2255 947 2290 Blachernarum
970 2257 1096 2302 templo
1117 2268 1277 2291 vasorum
1299 2262 1435 2299 custos,
1467 2255 1524 2290 vir
1545 2254 1657 2290 literis

212 2306 250 2334 et
278 2300 430 2333 moribus
463 2306 639 2346 spectatus
670 2300 869 2345 admodum,
902 2302 1071 2336 ecclesiae
1095 2314 1209 2337 curam
1231 2301 1476 2346 gubernandae
1498 2301 1657 2345 excepit3

210 2356 314 2423 quem¹
343 2345 591 2380 Rhinotmetus
617 2345 750 2380 Caesar
777 2347 896 2392 iniquo
924 2347 1023 2382 iussu
1057 2348 1180 2394 (9885)
1203 2346 1311 2382 oculis
1333 2350 1552 2382 excaecatum
1573 2346 1658 2381 sede

236 2403 255 2424 e
282 2390 357 2424 uit.
1620 2398 1622 2400 ’

210 2403 233 2436 p
257 2403 278 2435 p
303 2435 557 2481 Substituitque
590 2436 718 2480 Cyrum
750 2448 793 2470 ex
821 2436 1016 2472 Amastride
1037 2438 1298 2483 presbyterum,
1331 2449 1351 2472 e
1371 2436 1546 2472 monachis
1569 2447 1656 2482 quos

210 2480 308 2515 aiunt
333 2481 496 2517 inclusos.
545 2482 607 2515 sed
631 2482 720 2516 hunc
743 2481 862 2516 divina
887 2484 1047 2528 dogmata
1068 2490 1218 2518 tuentem
1240 2483 1454 2528 Philippicas
1477 2483 1656 2517 Bardanes

209 2527 341 2571 potitus
366 2533 504 2571 sceptro
526 2528 651 2571 (9890)
671 2527 845 2562 sententia
866 2528 995 2563 iniusta
1016 2528 1150 2575 pepulit
1173 2529 1277 2573 ovili,
1300 2528 1508 2573 levitamque
1529 2527 1573 2562 ad
1595 2538 1654 2561 se-

209 2573 285 2606 dem
310 2573 474 2606 Ioannem
497 2573 638 2615 extulit,
669 2573 731 2616 qui
753 2581 992 2608 oeconomatus
1017 2581 1093 2609 erat
1116 2574 1361 2617 chartularius,
1394 2572 1654 2608 abominandum

209 2617 397 2661 homiuem,
425 2618 613 2662 Eutycheti
636 2618 871 2662 Dioscoroque
894 2620 1066 2664 deditum,
1090 2619 1127 2654 in
1148 2631 1255 2665 grege
1275 2620 1412 2665 lupum3
1442 2618 1568 2663 (9895)
1592 2617 1653 2662 qui

210 2663 346 2698 tandem
371 2664 454 2697 sede
477 2664 596 2708 pulsus
617 2668 672 2698 est
689 2663 887 2698 iustissime.

300 2708 471 2742 Sacerdos
504 2715 617 2743 autem
649 2708 779 2743 Christi
802 2716 837 2743 et
859 2715 980 2754 pastor
1009 2711 1136 2753 bonus,
1171 2709 1272 2744 divus
1295 2710 1506 2750 Germanus,
1539 2706 1650 2741 literis

209 2765 253 2788 ac
274 2753 461 2787 virtutibus
487 2755 689 2799 splendens,
711 2754 852 2788 lucerna
871 2755 979 2789 veluti
1000 2755 1037 2789 in
1059 2755 1287 2794 candelabro,
1313 2767 1333 2788 e
1353 2753 1547 2797 Byzantina
1565 2753 1650 2787 emi-

210 2810 274 2833 nus
296 2799 481 2844 conspicua
503 2801 586 2835 sede
608 2801 733 2846 (9900)
755 2800 920 2835 sermonis
945 2801 1144 2845 magisterio
1167 2800 1297 2835 effulsit
1320 2799 1407 2834 orbi.
1454 2798 1649 2844 Cyziceno—
