1786 3080
266 155 329 203 44
807 156 1155 200 EPHRAEMIUS

395 273 520 325 γῆθεν
537 268 702 324 μετέστη
722 269 821 325 πρὸς
838 270 966 323 μονὰς
986 268 1206 326 οὐρανίους,

397 335 548 391 ζήσασα
569 341 700 387 καλῶς
722 337 893 389 εὐσεβῶς
914 335 1191 394 ὃρθοφρόνως,

396 404 577 461 Χριστὸν
594 403 878 461 θεραπεύσασα
896 404 1018 447 καλὸν
1036 406 1207 462 νυμφίον

393 473 434 514 ἐν
455 473 652 531 παρθενίᾳ
672 474 737 514 καὶ
758 476 889 514 καλῶν
910 473 1112 524 εὖποιίαις,

280 544 360 585 865
395 542 460 582 καὶ
481 542 600 594 τῆσδε
623 541 799 597 φαιδρὰν
818 539 1011 595 ἄνάψασα
1029 536 1234 593 λαμπάδα.

396 605 478 649 εἶτα
499 611 660 666 τελευτᾷ
677 607 918 665 Μαρκιανὸς
938 608 1007 651 τὸν
1023 609 1126 660 βίον,

394 673 515 729 ζήσας
536 676 596 716 ἐπὶ
618 673 809 728 μ’μ’κιστον
819 707 832 726 ,
869 675 967 726 ἄναξ
980 676 1146 731 χαρίεις,

393 741 551 797 γνώμην
574 740 750 797 ἀγαθός,
786 741 941 798 ἱλαρός,
975 746 1103 799 πρᾶος
1125 738 1256 800 φύσει,

397 805 511 860 οὗτος
532 808 830 866 θεοπρόβλητος
850 811 1058 867 ἐμπρέπων
1078 808 1226 867 κράτει,

280 883 360 922 870
393 878 436 928 ἕξ
456 894 532 920 που
554 877 762 931 κατασχὼν
782 878 853 933 τὴν
870 879 1076 931 βασιλείαν
1091 877 1280 933 χρόνους·

370 981 382 991 .
395 944 438 995 ὃς
456 943 715 1000 γνωματεύων
733 946 789 1000 μὴ
811 953 927 988 κινεῖν
945 946 1113 998 βασιλέα

393 1012 540 1069 ἔφασκε
562 1014 641 1054 δεῖν
663 1012 764 1055 ὅπλα
786 1030 826 1055 τε
848 1016 913 1056 καὶ
931 1013 1064 1067 μάχην
1082 1011 1197 1063 ὅλως,

393 1080 442 1122 ἂν
458 1076 484 1137 ᾗ
503 1080 671 1122 δυνατὸν
689 1079 838 1137 ἤρεμον
855 1086 971 1134 βιοῖ’-ν
988 1082 1090 1135 βίον.

569 1184 673 1220 Λέων
698 1184 718 1221 ὁ
740 1184 852 1230 μέγας
872 1184 956 1231 ἤτοι
981 1184 1001 1220 ὁ
1027 1183 1220 1228 Μακέλλης
1242 1182 1303 1227 ἔτη
1327 1182 1389 1226 ιη’.

397 1258 553 1302 Τούτου
576 1257 774 1310 θανόντος
795 1262 860 1301 καὶ
881 1256 1150 1312 μεταστάντος
1165 1259 1258 1312 βίου

279 1331 358 1372 875
395 1327 519 1377 εὐθὺς
540 1331 748 1382 παρῆλθεν
771 1329 824 1376 εἷς
844 1327 1047 1378 βασίλειον
1070 1325 1216 1381 κράτος

395 1399 532 1449 κλῆσιν
552 1395 675 1436 Λέων
694 1411 754 1443 τις
775 1396 842 1436 καὶ
862 1393 1084 1446 Μακέλλης
1104 1392 1330 1443 τοῦπίκλην,

396 1462 495 1518 ἀνὴρ
518 1460 695 1517 ἀγαθός,
731 1461 882 1517 ἀρετῶν
902 1460 1185 1514 πεπλησμένος,

395 1528 570 1583 μάλιστα
593 1529 783 1585 φιλοίκτῳ
809 1529 852 1569 δὲ
874 1527 1206 1581 κατηυγασμέιὌς,

396 1594 553 1652 κράτωρ
577 1595 762 1651 ἀριστεὺς
782 1596 848 1636 καὶ
868 1594 1051 1647 μαχητὴς
1069 1592 1273 1648 γεννάδας,

282 1668 364 1708 880
397 1666 555 1719 ἐχθρῶν
577 1667 726 1704 κλονῶν
747 1661 956 1719 φάλαγγας
976 1660 1107 1715 ὥσπερ
1129 1677 1188 1710 τις
1208 1657 1319 1706 λε’ων,

398 1730 532 1787 σειρὰν
553 1731 687 1784 γένους
708 1729 865 1771 ἄνωθεν
890 1729 1012 1770 ἕλκων
1034 1729 1076 1769 ἔκ
1102 1726 1267 1786 Θρᾴκης

396 1797 422 1852 ἦ
445 1799 509 1839 καὶ
530 1797 699 1848 Δακῶν,
735 1795 789 1846 ὥς
811 1797 916 1852 φασί
931 1812 1055 1845 τινες,
1091 1795 1132 1836 ἔκ
1154 1795 1300 1850 γένους,

395 1863 624 1921 ὖπέρμαχος
645 1863 854 1920 κράτιστος
875 1863 1128 1918 ὄρθοδοξίας,

399 1934 464 1974 καὶ
487 1929 663 1986 δαψιλής
682 1948 743 1981 τις
765 1929 926 1986 ἀπόρων
942 1930 1173 1985 χορηγὲτης.

283 2002 363 2044 885
399 2000 539 2042 εἴωθεν
561 1993 678 2049 οὗτος
697 1995 959 2054 γνωματεῦειν
979 1999 1046 2039 καὶ
1066 1997 1190 2052 λέγειν

264 2105 462 2148 Pulcheria‚
486 2115 575 2150 quae
595 2106 686 2139 bene
709 2104 967 2148 orthodoxaque
989 2114 1064 2137 cum
1089 2102 1222 2147 pietate
1243 2101 1402 2146 vixerat,
1426 2112 1554 2146 sponso
1577 2113 1598 2136 o
1623 2101 1706 2136 timo

263 2150 485 2186 subserviens
508 2149 649 2183 Christo
673 2149 710 2182 in
733 2149 933 2183 castimonia
953 2149 1129 2192 rectisque
1151 2147 1334 2192 operibus,
1367 2147 1470 2190 (865)
1492 2147 1591 2192 splen
1615 2147 1707 2181 idam

263 2194 475 2241 virginitatis
498 2195 593 2229 alens
614 2194 814 2238 lampadem.
862 2194 943 2227 dein
966 2193 1162 2226 Marcianus
1186 2203 1322 2236 quoque
1344 2195 1486 2225 mortem
1509 2192 1613 2235 obiit,
1649 2203 1706 2226 se-

264 2254 331 2276 nex
352 2242 419 2275 iam
442 2241 679 2285 grandaevus,
716 2250 779 2272 rex
799 2238 971 2281 amabilis,
1005 2239 1095 2272 bona
1117 2247 1231 2281 mens,
1257 2236 1348 2270 mitis
1371 2235 1502 2270 animus
1527 2242 1563 2271 et
1583 2237 1705 2271 iucun-

264 2288 340 2322 dus.
387 2286 444 2320 hic
467 2285 620 2331 auspicio
645 2284 763 2318 divino
788 2285 832 2318 ad
854 2283 1033 2329 imperium
1056 2286 1217 2325 venerat,
1253 2282 1357 2325 (870)
1380 2292 1491 2326 eoque
1513 2293 1574 2316 sex
1595 2283 1707 2317 ferme

265 2332 364 2366 annis
395 2331 586 2377 perfruitus
616 2334 681 2365 est.
727 2328 828 2363 huius
857 2328 1029 2363 sententia
1058 2328 1146 2371 fuit,
1180 2331 1220 2360 ut
1246 2338 1310 2360 rex
1339 2337 1509 2372 nunquam
1530 2327 1707 2363 commotis
1755 2323 1786 2376 ‚J

265 2377 367 2412 armis
391 2377 515 2412 bellum
538 2377 741 2419 lacesseret,
769 2374 801 2408 si
822 2374 957 2420 quidem
980 2378 1099 2419 posset
1118 2372 1225 2407 vitam
1247 2371 1398 2417 quietam
1421 2372 1562 2417 degere.

556 2455 626 2488 Leo
648 2464 805 2498 magnus
829 2456 1058 2499 cognomento
1083 2451 1253 2484 Macelles
1278 2460 1339 2483 an.
1365 2450 1420 2485 18.

355 2509 532 2544 Marciano
565 2510 671 2545 vitam
703 2509 902 2551 deserente,
938 2512 977 2541 ut
1006 2506 1172 2550 diximus,
1209 2506 1313 2549 (875)
1342 2505 1458 2540 statim
1479 2505 1641 2551 pervenit
1663 2505 1708 2539 ad

270 2559 471 2599 potestatem
493 2555 622 2599 regiam
646 2554 781 2588 nomine
804 2554 878 2587 Leo
901 2553 1057 2597 quidam,
1084 2551 1284 2595 cognomine
1303 2551 1486 2596 Macelles‚
1516 2550 1573 2584 vir
1595 2551 1706 2584 bonus

270 2605 306 2633 et
328 2599 512 2634 virtutibus
533 2601 748 2644 redundans,
773 2598 1008 2633 misericordia
1025 2603 1136 2632 tamen
1156 2597 1342 2642 praecipue
1362 2601 1521 2640 ornatus,
1545 2595 1707 2641 princeps

268 2644 428 2689 egregius
462 2650 496 2678 et
527 2646 674 2680 bellator
706 2651 884 2687 strenuus,
919 2643 1021 2686 (880)
1051 2642 1196 2676 hostium
1220 2647 1376 2676 catervas
1400 2641 1557 2686 quatiens
1580 2645 1618 2674 ut
1637 2640 1706 2674 leo.

267 2690 325 2723 hic
347 2689 519 2724 oriundus·
534 2703 553 2724 e
576 2690 727 2725 Thracia
748 2690 834 2733 fuit,
867 2688 923 2722 vel
946 2689 1136 2731 Dacorum,
1169 2692 1208 2721 ut
1229 2687 1365 2732 quidam
1387 2686 1535 2730 malunt,
1565 2696 1706 2730 genere,

269 2733 475 2769 fortissimus
507 2735 669 2771 defensor
702 2734 944 2778 orthodoxiae,
980 2733 1099 2778 egenis
1124 2733 1240 2777 largus
1263 2731 1491 2766 subsidiorum
1513 2729 1705 2776 praebitor-

270 2780 373 2825 (885)
396 2779 496 2814 huius
519 2780 554 2815 in
578 2793 637 2816 ore
661 2793 766 2828 saepe
789 2779 961 2816 sententia
984 2784 1073 2823 erat,
1107 2778 1158 2813 sol
1189 2778 1239 2813 uti
1266 2778 1355 2812 solet
1379 2787 1493 2812 omnes
1517 2775 1706 2811 calefacere
