1786 3080
241 144 304 189 30
777 145 1127 190 EPHRAEMIUS

254 256 334 298 510
368 253 513 298 ἄθλιον
538 252 763 308 Οὐάλεντα,
792 255 945 312 μύστην
961 256 1127 313 Ἀρείου,

367 324 435 365 καὶ
454 329 598 379 μοΐραν
618 323 728 381 αὐτῷ
747 325 952 382 παραδοὺς
973 324 1044 380 τὴν
1064 329 1136 380 τῆς
1155 326 1206 368 ἕω

367 389 488 440 αὗτός
504 394 696 446 κατῆρχεν
719 391 888 446 εὗσεβῶς
905 397 976 447 τῆς
996 391 1175 450 ἑσπέρας,

366 462 564 514 περιφανῆ
587 456 758 515 τρόπαια
781 461 884 502 κατὰ
906 458 1125 517 βαρβάρων

369 527 434 566 καὶ
455 526 565 575 νίκας
587 525 699 575 ἱστὰς
718 531 768 584 τῇ
788 532 888 570 θεοῦ
905 530 1124 587 συμμαχία,

253 591 333 633 515
366 593 432 634 καὶ
452 591 581 634 πάντα
598 597 720 636 ποιῶν
740 592 800 644 οἷς
818 594 1047 649 σεμνύνεται
1065 594 1224 654 κράτωρ

369 657 618 714 δικαιοσύνης
638 661 678 710 ἒς
698 662 748 703 τὰ
766 660 944 715 μάλιστα
963 665 1077 718 φίλος

369 727 436 768 καὶ
456 725 665 782 δογμάτων
684 727 891 785 πρόμαχος
909 730 1161 787 ὃρθοδοξιάς,

369 792 562 848 πολυετής
582 812 640 844 τις
662 796 877 854 ἀναφανεὶς
897 799 937 840 ἓν
955 799 1033 855 βίῳ

370 863 435 903 καὶ
453 862 696 918 μακαριστὸς
714 869 787 906 τοῦ
804 865 895 918 βίου
916 867 982 907 καὶ
1002 868 1074 907 τοῦ
1094 864 1241 913 τέλους,

257 930 334 970 520
364 928 480 990 βιοὺς
499 928 740 984 ὀγδοήκοντα
758 936 829 986 τῆς
849 933 949 986 ζωῆς
964 931 1134 989 χρόνους

365 996 467 1052 πρὸς
485 997 665 1052 τέτρασιν
685 993 739 1040 αὖ
760 1000 906 1050 ἐνθέοις
923 998 1180 1054 εὐδαιμόνως,

368 1063 444 1119 ἀφ’
473 1057 528 1105 ὧν
547 1068 736 1121 κατῆρξεν
755 1067 892 1110 ἕνδεκα
910 1068 1165 1125 κραταρχίας.

366 1125 482 1186 οὗτος
499 1135 661 1191 τελευτᾷ
681 1131 828 1189 διάγων
847 1135 889 1177 ἓν
906 1136 948 1175 Γ
944 1137 1110 1186 αλλίαις,

366 1198 442 1255 υἱῷ
461 1199 649 1248 λελοιπὼς
670 1202 712 1241 Γ
707 1205 882 1258 ρατιανῷ
899 1201 944 1243 τὸ
966 1199 1125 1258 κράτος,
1143 1218 1150 1225 ’

255 1268 334 1310 525
367 1265 482 1323 ἀνδρὶ
502 1265 696 1325 προμάχῳ
716 1266 926 1323 δογμάτων
943 1266 1221 1326 ὃρθοφρόνων.

651 1369 800 1417 Οὐάλης
824 1371 886 1418 ἔτη
908 1370 953 1416 γ’.
1000 1371 1039 1406 οὶ
1061 1369 1100 1405 δὲ
1124 1370 1186 1416 ἔτη
1208 1369 1254 1406 δ’.

358 1444 407 1488 ‘O
428 1445 469 1488 δ’
495 1439 546 1487 αὖ
569 1443 729 1500 Οὐάλης
744 1444 967 1499 βασιλεύων
983 1449 1054 1499 τῆς
1072 1445 1138 1496 ἕω,

365 1513 432 1555 καὶ
449 1515 728 1567 καθ-υπαχθεὶς
738 1514 948 1568 Ἀρειανῶν
964 1514 1101 1570 μανίᾳ,

364 1580 544 1636 σφοδρὸς
562 1578 728 1634 ὁιώκτης
745 1577 1072 1635 ὀρθοδοξούντων
1090 1575 1238 1631 λάχους

364 1642 414 1701 ἦν
434 1650 498 1689 καὶ
520 1647 716 1701 κολαστὴς
734 1646 928 1701 δυσμενὴς
948 1647 1172 1703 φρικαλέος,

254 1713 336 1755 530
369 1712 589 1770 ἇρχιθύτας
605 1715 676 1767 μὲν
693 1714 881 1767 ποιμένας
898 1712 1162 1762 διδασκάλους

368 1783 533 1835 ποίμνης
554 1779 728 1823 ἐλαύνων
748 1783 814 1822 καὶ
832 1782 959 1831 τιθεὶς
977 1773 1234 1837 πορρωτάτω

369 1850 434 1890 καὶ
457 1850 650 1897 ποικίλαις
667 1852 773 1905 σφᾶς
789 1849 978 1905 ἐκτρίβων
993 1846 1206 1902 βασάνοις·

450 1957 531 1998 post
561 1965 597 1986 v.
627 1952 692 1987 525
724 1952 877 1998 intellige
908 1956 980 1987 tres
1011 1953 1067 1987 vel
1099 1956 1260 1998 quattuor
1280 1963 1388 1986 annos
1411 1956 1491 1997 post
1511 1953 1667 1989 Valenti-

452 1997 546 2032 niani
567 1998 685 2033 fratris
709 1997 849 2033 obitum.
874 1998 925 2034 Μ.
1070 1997 1137 2033 532
1158 2000 1240 2038 ταῖς
1259 1995 1458 2043 βασάνοις7

234 2086 339 2131 adiit,
362 2086 498 2132 imperii
519 2085 648 2120 socium
666 2084 807 2119 fratrem
828 2087 975 2121 adscivit
991 2098 1087 2122 suum
1109 2087 1209 2131 (510)
1228 2097 1463 2121 aerumnosum
1477 2086 1670 2131 Valentem,

234 2132 310 2167 Arii
332 2132 518 2175 asseclam,
541 2130 597 2163 cui
619 2135 735 2174 partes
756 2131 899 2165 orientis
920 2133 1090 2175 regendas
1113 2132 1268 2166 tradidit.
1313 2132 1391 2176 ipse
1410 2142 1494 2164 vero
1517 2130 1673 2166 occiduis-

231 2178 293 2223 pie
323 2176 496 2222 praefuit,
527 2175 589 2208 ubi
618 2181 763 2218 tropaea
794 2175 923 2210 nobilia
945 2177 990 2210 de
1013 2177 1201 2211 barbaricis
1231 2176 1392 2220 gentibus
1413 2176 1525 2210 victor
1548 2176 1670 2211 statuit

233 2234 303 2267 ope
323 2221 484 2256 numinis.
529 2219 631 2264 (515)
652 2219 708 2252 hic
728 2220 841 2254 omnia
860 2221 941 2254 boni
963 2221 1079 2254 officia
1099 2232 1299 2265 expromens
1315 2220 1481 2266 principis
1495 2220 1670 2254 iustitiae-

233 2277 301 2311 que
322 2278 438 2301 amore
460 2264 660 2310 praesertim
680 2264 850 2309 flagrans,
875 2265 1138 2300 orthodoxorum
1160 2267 1353 2309 dogmatum
1375 2267 1557 2307 defensor,
1586 2277 1668 2310 spa—

231 2312 357 2346 tiosum
389 2312 483 2346 vitae
514 2309 715 2345 curriculum
737 2321 892 2344 emensus
917 2316 987 2354 est,
1023 2316 1058 2345 et
1078 2322 1180 2344 cursu
1203 2310 1297 2344 vitae
1321 2315 1356 2344 et
1377 2311 1522 2344 termino
1545 2311 1669 2345 beatus

232 2356 350 2400 visus,
386 2357 490 2402 (sim)
523 2354 668 2400 expletis
701 2359 862 2399 quattuor
892 2366 995 2400 supra
1021 2356 1195 2400 octoginta
1217 2357 1315 2390 annis
1337 2366 1465 2389 summo
1487 2355 1525 2388 in
1546 2355 1670 2390 favore

232 2401 379 2435 numinis
400 2401 653 2444 beatitateque,
678 2410 722 2433 ex
744 2410 811 2443 quo
833 2399 1010 2444 imperium
1032 2405 1249 2446 susceperat,
1276 2402 1374 2434 annis
1396 2400 1565 2434 undecim.
1611 2400 1670 2435 hic

236 2456 309 2479 cum
338 2446 375 2478 in
406 2446 529 2480 Galliis
560 2446 719 2490 degeret,
753 2450 894 2478 mortem
925 2446 1030 2487 obiit,
1063 2446 1232 2479 Gratiano
1261 2446 1333 2480 filio
1362 2445 1539 2491 imperium
1559 2445 1666 2479 relin-

236 2500 364 2534 quens,
391 2490 493 2534 (525)
517 2491 594 2525 viro
615 2494 786 2525 rectorum
810 2489 1002 2534 dogmatum
1027 2490 1214 2524 defensori.

760 2566 888 2600 Valens
909 2578 971 2601 an.
995 2567 1019 2601 3
1040 2579 1101 2601 seu
1123 2567 1160 2602 4.

327 2621 482 2656 Orientis
501 2621 639 2657 interim
659 2627 822 2668 regnator
842 2621 990 2666 Valens,
1012 2622 1213 2656 Arianorum
1227 2621 1362 2656 deditus
1376 2621 1558 2664 vesaniae,
1584 2631 1667 2665 par-

237 2666 284 2701 tis
315 2667 526 2701 orthodoxae
551 2675 751 2712 persecutor
771 2667 954 2702 vehemens
976 2677 1168 2711 saevusque
1189 2673 1298 2701 tortor
1320 2671 1394 2701 erat
1417 2673 1454 2701 et
1475 2665 1666 2700 horribilis.

235 2710 339 2756 (530)
372 2716 528 2758 pastores
561 2713 697 2757 quidem
726 2713 928 2758 praecipuos
953 2718 988 2747 et
1009 2712 1189 2757 magistros
1211 2712 1372 2756 gregibus
1394 2711 1465 2745 suis
1488 2711 1606 2755 pulsos
1630 2715 1667 2744 et

235 2756 358 2802 procul
377 2756 553 2802 ablegatos
574 2758 679 2793 variis
700 2762 882 2804 praeterea
901 2757 1023 2804 poenis
1044 2757 1273 2792 excruciabat.
1319 2762 1390 2792 tum
1413 2762 1450 2790 et
1468 2755 1526 2790 dei
1547 2766 1664 2791 sacer-
