1786 3080
203 82 206 84 ’
235 110 328 155 120
539 79 542 81 ’
773 109 1119 154 EPHRAEMIUS

232 225 337 268 2725
362 222 461 280 πρὸς
482 220 522 263 δ’
552 214 603 264 αὖ
623 221 819 276 κολαστὴς
839 221 1105 278 ἀπαραίτητος
1123 220 1273 278 σφίσιν.

365 287 673 345 ἀρχαιρεσιάζων
695 289 738 331 δὲ
757 287 909 343 βουλάς
927 291 966 331 τ’
989 290 1178 347 ἐκφέρων,

367 359 508 414 ἀρχαῖς
525 374 568 400 τε
589 363 736 408 κοιναῖς
753 360 818 399 καὶ
838 359 1092 415 στρατηγίαις
1108 356 1219 407 ὅλαις

368 425 516 482 ἄνδρας
533 426 674 482 ἔφίστα
695 427 892 480 μηδαμῶς
907 424 1156 482 πεφυκότας,

366 494 550 543 ἀναξίους
569 494 612 535 δὲ
633 495 699 536 καὶ
721 493 956 551 μοχθηροὺς
974 491 1163 545 εῗσάπαν,

234 559 493 623 273οζἀρχὰς
514 559 673 611 ἁπάσας
688 559 906 617 χρημάτων
928 563 1034 617 δρῶν
1057 561 1210 611 ὠνίους.

450 627 607 670 Τούτου
630 627 820 687 Ῥωμανῷ
842 627 1157 679 συνανάσσοντος
1176 625 1264 671 τότε

369 697 483 739 εῗκιὺν
503 695 795 753 ἀχειρότευκτος
813 699 996 753 Χριστοῦ
1014 695 1225 749 δεσπότου,

369 766 410 807 ἐν
428 763 703 822 χειρομάκτρῳ
726 767 991 822 ὁιαγραφεῖσα
1014 765 1155 817 ξένιος,

369 834 410 883 ἐξ
426 833 588 887 Ἐδέσης
606 832 742 887 ἤνεκτο
764 832 864 888 πρὸς
884 834 1123 884 Βυζαντίδα.

237 899 344 942 2735
368 894 434 942 καὶ
450 898 638 950 Ῥωσικός
658 917 717 950 τις
735 899 1010 956 μυριάριθμος
1027 898 1192 951 στόλος,

370 967 502 1025 φέρων
523 967 700 1024 ἀριθμὸν
723 966 902 1011 ὁλκάδων
920 967 1019 1024 πρὸς
1041 973 1128 1017 ταῖς
1148 967 1265 1018 δέκα,

370 1035 425 1086 ὥς
442 1053 563 1092 φασι,
598 1036 708 1078 πέντε
731 1034 960 1089 χιλιοστύας
982 1035 1098 1085 ὅλας,

372 1102 624 1157 λεηλατήσων
643 1103 878 1146 κατέπλευσε
899 1102 999 1159 πρὸς
1016 1102 1128 1143 πόλιν
1140 1115 1152 1125 ·

372 1171 511 1226 σχεδὸν
535 1171 574 1213 δ’
607 1169 711 1220 ἅπας
731 1169 913 1228 ξ’φθαρτο
933 1175 988 1228 τῷ
1011 1174 1111 1212 θεοῦ
1132 1167 1266 1210 σθένει

240 1237 350 1280 2740
374 1241 440 1280 καὶ
456 1237 761 1295 μητρανάνδρου
786 1239 990 1294 παρθένου
1011 1237 1219 1294 συμμαχία

373 1307 472 1363 πρὸς
489 1304 737 1363 ἀντιπρώρου
753 1304 972 1361 Ῥωμαϊκοῦ
995 1310 1068 1348 τοῦ
1087 1303 1245 1348 στόλου.

641 1408 824 1456 Ῥωμανὸς
845 1407 868 1446 o‘
891 1409 976 1451 υἱὸς
999 1408 1117 1446 αὐτοῦ
1143 1408 1203 1454 ἔτη
1224 1409 1269 1455 γ’.

377 1489 464 1528 Τοῦ
481 1489 796 1542 πορφυρανθοῦς
816 1484 858 1526 δ’
879 1483 1138 1533 ἀπολιπόντος
1156 1485 1245 1537 βίον

376 1552 397 1595 ὃ
414 1559 507 1603 παῖς
519 1552 721 1606 Ῥωμανός
743 1552 1014 1594 ἀναδείκνυται
1036 1550 1194 1606 κράτωρ
1204 1584 1217 1603 ,

377 1614 482 1677 ᾧπερ
504 1626 677 1675 συνῆπτο
699 1619 799 1677 πρὸς
817 1618 949 1674 γάμου
970 1620 1174 1660 κοινωνίαν

245 1685 354 1728 2745
381 1687 576 1745 Θεοφανώ
593 1705 653 1738 τις
670 1688 713 1730 ἐκ
733 1690 964 1743 χαμερποῦς
985 1691 1055 1728 τοῦ
1076 1686 1233 1741 γένους,

378 1756 405 1811 ἢ
425 1756 563 1813 τάνδρὶ
581 1757 699 1798 τίκτει
718 1757 865 1804 παῖδας
884 1753 1052 1809 ἄρρενας
1071 1752 1143 1795 δύο
1153 1784 1167 1804 ,

378 1823 448 1865 τὸν
462 1825 693 1874 Βασίλειον,
726 1822 825 1879 πρὸς
843 1822 886 1864 δὲ
902 1823 1215 1872 Κωνσταντῖνον,

461 1949 550 1985 2747
573 1946 613 1983 δὲ
635 1945 702 1984 τᾶν
723 1947 798 1984 K.?

249 2059 535 2104 delinquentibus,
563 2060 689 2104 (2725)
712 2059 903 2106 poenisque
925 2063 1000 2094 erat
1023 2058 1195 2094 sumendis
1216 2059 1450 2096 inexorabilis.
1496 2059 1585 2094 idem
1608 2071 1682 2094 ma-

249 2107 414 2150 gistratus
437 2106 695 2150 senatoriosque
717 2107 844 2151 gradus
865 2106 1170 2150 praefecturasque
1193 2110 1228 2139 et
1250 2105 1414 2139 militares
1435 2105 1572 2139 ordines
1597 2106 1683 2139 viris

249 2152 411 2186 tradebat
444 2163 585 2197 prorsus
617 2151 708 2185 haud
738 2151 891 2192 idoneis,
932 2151 1082 2194 indignis
1118 2151 1276 2196 omnique
1307 2150 1396 2184 vitio
1434 2150 1683 2195 laborantibus,

251 2197 374 2241 (2730)
399 2197 515 2232 officia
535 2202 658 2230 cuncta
680 2208 764 2230 auro
786 2196 923 2230 venalia
945 2196 1123 2229 exhibens.

341 2243 410 2276 Hic
444 2255 518 2276 cum
548 2242 701 2276 Romano
733 2241 811 2275 dum
843 2247 966 2285 regnat
994 2241 1123 2283 adhuc,
1155 2240 1268 2284 imago
1291 2239 1573 2275 Christi.domini
1592 2240 1684 2275 haud

251 2299 351 2322 manu
379 2289 491 2332 facta,
526 2287 610 2322 miro
645 2286 791 2321 artificio
826 2285 863 2319 in
895 2286 1026 2320 mantili
1056 2285 1167 2331 picta,
1203 2286 1339 2319 Edessa
1368 2287 1454 2319 urbe
1482 2286 1687 2329 Byzantium

252 2334 418 2368 translata
458 2332 537 2367 fuit.
584 2332 707 2376 (2735)
747 2331 912 2365 Rossicus
954 2332 1055 2365 etiam
1091 2330 1254 2375 plurimus
1286 2331 1457 2364 exercitus
1489 2331 1688 2375 quindecies
1726 2370 1729 2371 ⁷

254 2379 343 2412 mille
376 2390 481 2413 naves
505 2377 700 2422 onerarias,
735 2382 774 2410 ut
794 2377 885 2410 fama
908 2381 977 2419 est,
1011 2377 1157 2420 ducens,
1196 2381 1386 2420 cunctaque
1410 2376 1619 2421 depopulans
1644 2376 1688 2409 ad

255 2425 372 2457 urbem
401 2424 530 2468 regiam
558 2422 687 2457 direxit
718 2433 865 2456 cursum.
911 2422 973 2456 sed
1004 2421 1091 2455 enirn
1121 2433 1229 2466 prope
1261 2421 1442 2455 universus
1468 2421 1595 2456 auxilio
1618 2421 1689 2464 dei,

253 2467 379 2547 {2340}
399 2470 534 2548 ytirgine
555 2479 692 2514 quoque
712 2472 820 2502 matre
841 2468 975 2502 serente
998 2478 1115 2513 opem,
1140 2469 1315 2502 Romanae
1335 2466 1455 2501 classis
1475 2466 1604 2512 impetu
1627 2467 1689 2501 de-

267 2525 285 2546 e
303 2524 342 2547 us
378 2525 412 2548 ui
429 2537 440 2549 .

625 2592 807 2626 Romanus
835 2589 1057 2624 Constantini
1070 2590 1175 2634 filius
1197 2601 1256 2623 an.
1279 2590 1315 2625 3.

345 2645 438 2679 Exin
459 2646 758 2692 Porphyrogenito
782 2647 857 2680 vita
876 2647 993 2680 functo
1017 2647 1191 2680 Romanus
1221 2645 1311 2679 filius
1334 2642 1518 2688 imperator
1541 2642 1687 2684 exstitit,

256 2689 312 2724 cui
335 2691 541 2725 matrimonii
565 2693 641 2727 iure
663 2693 843 2726 coniuncta
866 2698 941 2725 erat
961 2690 1082 2735 (2745)
1108 2691 1335 2736 Theophano,
1363 2689 1496 2734 plebeio
1520 2695 1689 2734 prognata

256 2746 396 2779 genere.
445 2737 527 2772 haec
550 2738 625 2773 viro
648 2738 786 2785 peperit
806 2737 971 2772 masculos
992 2737 1082 2771 filios
1104 2737 1209 2779 duos,
1245 2735 1409 2770 Basiliam
1432 2739 1466 2769 et
1489 2733 1687 2768 Constanti·
