1786 3080
235 134 332 183 348
779 138 1128 185 EPHRAEMIUS

233 254 343 294 8670
365 250 438 301 τὰς
453 249 676 306 Ῥωμαϊκὰς
697 249 884 306 δυνάμεις
903 254 1118 303 συναλίσας

368 321 434 362 καὶ
454 319 547 369 τοὺς
565 318 636 362 ὑπ’
663 320 783 363 αὗτὸν
804 321 1002 371 εὖσθενεΐς
1021 321 1300 378 στρατηγὲτας,

371 391 684 444 Ταρχανειωτῶν
706 389 748 430 ἔκ
769 389 903 444 γε’νους
921 387 1170 446 Νικηφόρον,

368 460 506 510 κλῆσιν
526 454 804 511 ἀληθεύουσαν
825 451 867 499 εὖ
885 457 1119 511 κεκτημένον

367 524 440 578 τὴν
462 523 576 574 ἀξίαν
596 540 638 566 τε
661 523 733 578 τὴν
755 525 816 566 ἐπὶ
837 529 909 578 τῆς
927 525 1135 581 τραπέζης,

235 590 343 635 8675
368 595 595 648 πληροῦντα
616 591 658 633 δ’
683 590 779 648 ἔργα
798 590 972 647 μεγάλου
994 593 1240 646 δομεστίκου,

368 658 724 716 Στρατηγόπουλον
741 660 913 710 Ἀλέξων
932 660 1123 716 γεννάδαν

368 729 434 769 καὶ
455 728 571 784 φίλον
589 727 676 770 υἱὸν
691 727 866 783 μεγάλου
886 730 1134 781 δομεστίκου,

366 793 646 850 Παλαιυλόγον
668 795 859 850 Μιχαήλ,
892 797 1004 846 κλέος
1019 796 1130 846 νέων,

328 861 340 870 ’
367 865 433 905 καὶ
455 862 524 905 τὸν
544 863 769 920 Μακρηνόν
788 865 854 906 καὶ
877 861 1084 920 Τύραννον
1103 862 1317 914 Βουδελόν,

232 934 343 974 8680
365 931 614 987 παραλαβών
631 929 797 981 τούτους
815 948 856 974 τε
878 933 945 974 καὶ
964 932 1038 981 τὰς
1056 930 1244 986 δυνάμεις

370 999 664 1054 Θεσσαλονίκην
681 997 980 1054 καταλαμβάνει
997 997 1125 1051 πόλιν,

366 1067 548 1109 κάκεῖθεν
571 1066 675 1123 ἄρας
695 1068 736 1110 ἐν
756 1069 949 1122 Βοδηνῶν
972 1068 1153 1125 φρουρίῳ
1204 1093 1206 1096 -

367 1134 630 1190 ἄνακτορικὰς
652 1134 800 1189 σκηνὰς
821 1133 1089 1192 ἐγκαθιδρύει,

368 1205 433 1244 καὶ
455 1207 572 1245 τοῦτο
594 1207 746 1260 πορθεῖ
759 1209 957 1257 μηχαναῖς
976 1204 1042 1245 καὶ
1063 1201 1138 1245 σὺν
1152 1198 1300 1259 χρόνῳ.

234 1272 345 1313 8685
372 1269 482 1327 ἔφθη
505 1271 545 1312 δ’
570 1270 751 1327 ἀποδρὰς
773 1269 984 1326 Θεόδωρος
1002 1269 1211 1328 φρουρίου,

365 1340 431 1380 καὶ
449 1342 506 1395 τῷ
523 1339 696 1392 Μιχαὴλ
716 1335 888 1395 δεσπότῃ
908 1337 1148 1394 προσερρύη.

366 1404 449 1448 εἶτα
467 1406 656 1459 βασιλεὺς
668 1406 890 1463 Ὀστροβοῧ
906 1404 1053 1462 φθάνει
1073 1407 1228 1458 λίμνην,

366 1476 431 1516 καὶ
454 1475 643 1530 στρατιὰν
661 1475 843 1531 πέπομφε
862 1473 962 1515 κατὰ
979 1471 1186 1515 δεσπότου.

365 1542 466 1595 μετὰ
488 1543 531 1583 δὲ
549 1541 691 1598 μικρὸν
709 1541 820 1597 παρὰ
840 1545 971 1583 πᾶσαν
991 1542 1130 1582 ἐλπίδα

234 1615 343 1654 8690
366 1609 645 1666 προσηλθέτην
663 1608 801 1650 ἄνακτι
819 1609 985 1660 Γλαβᾶς
1000 1608 1212 1661 τοῦπίκλην

367 1678 409 1718 ἐκ
429 1677 656 1733 Καστορίας
674 1676 856 1731 ἀγγελεὺς
871 1679 950 1718 τῶν
970 1674 1215 1730 κρειττόνων,

368 1745 714 1801 καὶ·Πετραλίφας
733 1743 897 1798 εὐγενῶν
914 1746 993 1785 τῶν
1012 1744 1053 1785 ἓν
1071 1743 1185 1793 τέλει,

368 1811 550 1868 γαμβρὸς
571 1811 744 1868 Τορνίκη
766 1808 970 1866 τυγχάνων
989 1810 1241 1868 Δημητρίου,

367 1878 681 1935 γυναικάδελφος
699 1879 872 1934 ΖΙῚιχαὴλ
893 1876 1098 1921 δεσπότου.

234 1951 342 1991 8695
367 1946 422 1998 ὡς
443 1942 513 1990 οὖν
533 1950 739 2004 προσῆλθε
758 1949 922 1999 βασιλεῖ’
934 1946 1210 2004 Πετραλίφας,

450 2074 541 2112 8694
561 2072 601 2109 δὲ
623 2071 833 2109 δεσπότουῖ

234 2188 395 2233 collegit,
424 2199 574 2233 suosque
596 2187 701 2222 duces
723 2188 850 2221 robore
870 2186 1092 2232 praecipuos3
1127 2183 1392 2220 Tarchaniotam
1414 2181 1671 2217 scilicet-Nice-

235 2236 400 2280 phorum,
437 2246 558 2267 nomen
580 2238 755 2278 gerentem
782 2232 913 2266 meritis
934 2233 1112 2275 idoneum,
1149 2231 1237 2274 regii
1266 2228 1464 2273 insignitum
1490 2228 1674 2271 pincernae

235 2279 373 2323 officio,
397 2280 520 2323 (8675)
541 2277 788 2322 domesticique
811 2277 922 2322 magni
944 2283 1118 2322 gerentem
1142 2276 1258 2317 vices3
1286 2273 1562 2318 Strategopulum
1581 2278 1671 2306 stre-

235 2337 337 2359 nuum
358 2324 535 2366 Alexium3
567 2323 674 2357 filium
696 2329 877 2368 praeterea
899 2323 1012 2367 magni
1034 2321 1233 2365 domestici,
1256 2318 1495 2363 Palaeoiogum
1517 2317 1673 2351 Michae-

235 2372 324 2414 1em,
370 2371 475 2404 decus
515 2368 697 2411 iuvenum3
746 2374 918 2413 postremo
956 2367 1145 2402 Macrinum
1184 2371 1220 2400 et
1258 2365 1459 2408 Tyrannum
1494 2363 1672 2397 Budelum.

235 2415 359 2458 (8680)
391 2415 445 2449 his
469 2415 612 2449 ducibus
635 2413 782 2459 stipatus
806 2419 910 2457 atque
933 2412 1087 2447 exercitu
1110 2410 1390 2445 Thessalonicam
1410 2407 1554 2442 contulit
1576 2419 1614 2441 se
1635 2407 1673 2440 in

236 2462 376 2502 urbem3
408 2465 512 2505 atque
541 2459 635 2493 illinc
660 2470 808 2504 pergens
830 2459 872 2492 ad
896 2459 1071 2492 Bodennm
1094 2463 1240 2491 castrum
1262 2454 1384 2489 defixit
1403 2453 1534 2497 regium
1556 2457 1673 2486 tento-

234 2506 342 2550 rium,
366 2506 493 2551 diuque
515 2505 650 2539 moenia
672 2510 829 2548 perstans
852 2504 1084 2549 oppugnabat.
1129 2501 1251 2544 (8635)
1276 2500 1337 2534 sed
1359 2499 1564 2533 Theodorus
1586 2508 1671 2530 evo—

234 2551 326 2584 larat
347 2563 448 2595 arce,
482 2552 526 2585 ad
547 2549 748 2584 Michaelem
771 2550 948 2592 despotam
968 2547 1182 2593 profugiens.
1229 2557 1307 2580 mox
1328 2545 1372 2578 ad
1395 2542 1538 2576 Osa-obi
1562 2541 1671 2575 lacum

236 2595 303 2629 ivit
323 2597 472 2639 Caesar,
505 2595 760 2639 exercitumque
783 2594 876 2627 misit
898 2599 1017 2627 contra
1039 2594 1228 2637 despotam.
1275 2590 1374 2635 paulo
1397 2593 1477 2634 post
1498 2586 1594 2620 venit
1614 2585 1670 2619 in-

236 2646 396 2685 speratus
419 2641 556 2675 nuntius
590 2642 710 2684 (8690)
733 2639 778 2673 ad
801 2638 995 2672 comitatum
1017 2637 1196 2679 Caesaris,
1231 2636 1360 2670 Glabas
1383 2634 1517 2678 quidam
1539 2636 1670 2674 gratam

237 2686 399 2720 Castoria
430 2687 585 2720 referens
615 2685 793 2725 notitiam3
825 2683 991 2727 simulque
1022 2682 1240 2726 Petraliphas
1268 2684 1406 2715 senator
1436 2677 1581 2719 nobilis,
1611 2676 1671 2719 qui

237 2730 405 2766 Demetrii
437 2731 610 2765 Tornicae
639 2742 745 2774 gener
779 2733 872 2772 erat,
923 2734 959 2762 et
998 2727 1179 2762 michaeus
1219 2726 1384 2770 despotae
1416 2721 1514 2756 uxori
1548 2722 1670 2754 frater.

236 2776 360 2822 (8695)
390 2781 428 2811 ut
454 2788 535 2821 ergo
558 2776 602 2812 ad
625 2777 811 2812 Caesarem
832 2773 992 2820 pervenit
1013 2772 1248 2819 Petraliphas,
1285 2771 1395 2815 ipsum
1417 2766 1671 2811 exercitumque
