<?xml version="1.0" encoding="UTF-8"?>
<!DOCTYPE html PUBLIC "-//W3C//DTD XHTML 1.0 Transitional//EN"
    "http://www.w3.org/TR/xhtml1/DTD/xhtml1-transitional.dtd">
<html xmlns="http://www.w3.org/1999/xhtml" xml:lang="en" lang="en">
 <head>
  <title>
</title>
<meta http-equiv="Content-Type" content="text/html;charset=utf-8" />
  <meta name='ocr-system' content='tesseract 3.04.00' />
  <meta name='ocr-capabilities' content='ocr_page ocr_carea ocr_par ocr_line ocrx_word'/>
</head>
<body>
  <div class='ocr_page' id='page_1' title='image "./corpusscriptorum12niebuoft/corpusscriptorum12niebuoft_0402.png"; bbox 0 0 1786 3080; ppageno 0'>
   <div class='ocr_carea' id='block_1_1' title="bbox 225 140 1120 188">
    <p class='ocr_par' dir='ltr' id='par_1_1' title="bbox 225 140 1120 188">
     <span class='ocr_line' id='line_1_1' title="bbox 225 140 1120 188; baseline 0.002 -2"><span class='ocrx_word' id='word_1_1' title='bbox 225 140 322 186; x_wconf 78' lang='lat'>392</span> <span class='ocrx_word' id='word_1_2' title='bbox 766 143 1120 188; x_wconf 86' lang='lat' dir='ltr'><strong>EPHRAEMIUS</strong></span> 
     </span>
    </p>
   </div>
   <div class='ocr_carea' id='block_1_2' title="bbox 225 252 1375 2010">
    <p class='ocr_par' dir='ltr' id='par_1_2' title="bbox 225 252 1375 2010">
     <span class='ocr_line' id='line_1_2' title="bbox 360 252 1186 313; baseline 0 -17"><span class='ocrx_word' id='word_1_3' title='bbox 360 257 512 308; x_wconf 81' lang='grc' dir='ltr'><em>Μηνᾶν</em></span> <span class='ocrx_word' id='word_1_4' title='bbox 528 253 632 313; x_wconf 81' lang='grc' dir='ltr'><em>λόγῳ</em></span> <span class='ocrx_word' id='word_1_5' title='bbox 649 252 857 309; x_wconf 77' lang='grc' dir='ltr'><em>λάμποντα</em></span> <span class='ocrx_word' id='word_1_6' title='bbox 875 256 942 296; x_wconf 85' lang='grc' dir='ltr'>καὶ</span> <span class='ocrx_word' id='word_1_7' title='bbox 957 256 1035 313; x_wconf 81' lang='grc' dir='ltr'>βίῳ</span> <span class='ocrx_word' id='word_1_8' title='bbox 1055 255 1186 307; x_wconf 74' lang='grc' dir='ltr'><em>πλέον,</em></span> 
     </span>
     <span class='ocr_line' id='line_1_3' title="bbox 360 321 1153 380; baseline 0.003 -17"><span class='ocrx_word' id='word_1_9' title='bbox 360 323 568 377; x_wconf 73' lang='grc' dir='ltr'><strong><em>ἐκκλησίας</em></strong></span> <span class='ocrx_word' id='word_1_10' title='bbox 587 321 784 380; x_wconf 72' lang='grc' dir='ltr'><em>τρόφιμον</em></span> <span class='ocrx_word' id='word_1_11' title='bbox 805 322 902 365; x_wconf 75' lang='grc' dir='ltr'><em>ὄντα</em></span> <span class='ocrx_word' id='word_1_12' title='bbox 922 325 988 365; x_wconf 83' lang='grc' dir='ltr'>καὶ</span> <span class='ocrx_word' id='word_1_13' title='bbox 1009 322 1153 377; x_wconf 82' lang='grc' dir='ltr'><em>θύτην,</em></span> 
     </span>
     <span class='ocr_line' id='line_1_4' title="bbox 225 389 1207 447; baseline -0.001 -15"><span class='ocrx_word' id='word_1_14' title='bbox 225 394 336 433; x_wconf 97' lang='grc'>9780</span> <span class='ocrx_word' id='word_1_15' title='bbox 356 390 614 447; x_wconf 73' lang='grc' dir='ltr'><em>Ἀλεξανδρέα</em></span> <span class='ocrx_word' id='word_1_16' title='bbox 625 423 637 442; x_wconf 87' lang='grc'><em>,</em></span> <span class='ocrx_word' id='word_1_17' title='bbox 671 395 750 433; x_wconf 85' lang='grc' dir='ltr'>τῶν</span> <span class='ocrx_word' id='word_1_18' title='bbox 775 390 965 445; x_wconf 75' lang='grc' dir='ltr'><em>Σαμψὼν</em></span> <span class='ocrx_word' id='word_1_19' title='bbox 985 389 1207 445; x_wconf 77' lang='grc' dir='ltr'><em>ξενοδόχον.</em></span> 
     </span>
     <span class='ocr_line' id='line_1_5' title="bbox 447 453 1201 515; baseline 0 -14"><span class='ocrx_word' id='word_1_20' title='bbox 447 453 581 515; x_wconf 70' lang='grc' dir='ltr'><em>Οῧπερ</em></span> <span class='ocrx_word' id='word_1_21' title='bbox 601 457 922 512; x_wconf 79' lang='grc' dir='ltr'><em>μεταλλάξαντος</em></span> <span class='ocrx_word' id='word_1_22' title='bbox 939 459 1092 514; x_wconf 78' lang='grc' dir='ltr'><em>εὖαγῶς</em></span> <span class='ocrx_word' id='word_1_23' title='bbox 1110 459 1201 512; x_wconf 82' lang='grc' dir='ltr'><em>βίον</em></span> 
     </span>
     <span class='ocr_line' id='line_1_6' title="bbox 360 525 1213 582; baseline 0.004 -15"><span class='ocrx_word' id='word_1_24' title='bbox 360 525 556 580; x_wconf 79' lang='grc' dir='ltr'><em>Εὐτύχιός</em></span> <span class='ocrx_word' id='word_1_25' title='bbox 575 544 655 578; x_wconf 84' lang='grc' dir='ltr'><em>τις,</em></span> <span class='ocrx_word' id='word_1_26' title='bbox 691 529 757 568; x_wconf 83' lang='grc' dir='ltr'>καὶ</span> <span class='ocrx_word' id='word_1_27' title='bbox 776 527 980 581; x_wconf 84' lang='grc' dir='ltr'><em>μοναστὴς</em></span> <span class='ocrx_word' id='word_1_28' title='bbox 997 529 1063 569; x_wconf 87' lang='grc' dir='ltr'>καὶ</span> <span class='ocrx_word' id='word_1_29' title='bbox 1082 526 1213 582; x_wconf 77' lang='grc' dir='ltr'><em>θύτης</em></span> 
     </span>
     <span class='ocr_line' id='line_1_7' title="bbox 359 593 1186 651; baseline 0.004 -16"><span class='ocrx_word' id='word_1_30' title='bbox 359 599 486 649; x_wconf 83' lang='grc' dir='ltr'><em>μονῆς</em></span> <span class='ocrx_word' id='word_1_31' title='bbox 519 596 612 637; x_wconf 74' lang='grc' dir='ltr'><em>κατ’</em></span> <span class='ocrx_word' id='word_1_32' title='bbox 646 593 879 648; x_wconf 56' lang='lat' dir='ltr'>&#39;Audacem&#39;</span> <span class='ocrx_word' id='word_1_33' title='bbox 910 593 1186 651; x_wconf 79' lang='grc' dir='ltr'><em>εὖαγεστάτης,</em></span> 
     </span>
     <span class='ocr_line' id='line_1_8' title="bbox 359 657 1174 720; baseline 0.004 -17"><span class='ocrx_word' id='word_1_34' title='bbox 359 660 487 717; x_wconf 87' lang='grc' dir='ltr'><em>λόγων</em></span> <span class='ocrx_word' id='word_1_35' title='bbox 511 661 665 719; x_wconf 71' lang='grc' dir='ltr'><em>ἑταῖρος</em></span> <span class='ocrx_word' id='word_1_36' title='bbox 687 664 831 719; x_wconf 75' lang='grc' dir='ltr'><em>ἀρετῆς</em></span> <span class='ocrx_word' id='word_1_37' title='bbox 854 663 894 706; x_wconf 77' lang='grc' dir='ltr'><em>τ’</em></span> <span class='ocrx_word' id='word_1_38' title='bbox 921 657 972 705; x_wconf 70' lang='grc' dir='ltr'>αὖ</span> <span class='ocrx_word' id='word_1_39' title='bbox 994 662 1174 720; x_wconf 73' lang='grc' dir='ltr'><em>ἐργάτης,</em></span> 
     </span>
     <span class='ocr_line' id='line_1_9' title="bbox 225 726 1301 788; baseline 0.001 -17"><span class='ocrx_word' id='word_1_40' title='bbox 225 730 334 771; x_wconf 84' lang='grc'>9785</span> <span class='ocrx_word' id='word_1_41' title='bbox 359 730 502 784; x_wconf 77' lang='grc' dir='ltr'><em>νομεὺς</em></span> <span class='ocrx_word' id='word_1_42' title='bbox 523 731 680 786; x_wconf 83' lang='grc' dir='ltr'><em>ἀγαθὸς</em></span> <span class='ocrx_word' id='word_1_43' title='bbox 701 726 809 774; x_wconf 78' lang='grc' dir='ltr'><em>ὦπτο</em></span> <span class='ocrx_word' id='word_1_44' title='bbox 829 733 1013 788; x_wconf 80' lang='grc' dir='ltr'><em>Χριστοῦ</em></span> <span class='ocrx_word' id='word_1_45' title='bbox 1032 726 1301 788; x_wconf 66' lang='grc' dir='ltr'><em>θρεμμάταιν·</em></span> 
     </span>
     <span class='ocr_line' id='line_1_10' title="bbox 361 793 1256 856; baseline 0.002 -15"><span class='ocrx_word' id='word_1_46' title='bbox 361 799 431 855; x_wconf 73' lang='grc' dir='ltr'>ἐφ’</span> <span class='ocrx_word' id='word_1_47' title='bbox 458 793 506 840; x_wconf 75' lang='grc' dir='ltr'>οὗ</span> <span class='ocrx_word' id='word_1_48' title='bbox 529 815 571 853; x_wconf 85' lang='grc' dir='ltr'>γε</span> <span class='ocrx_word' id='word_1_49' title='bbox 594 799 772 853; x_wconf 79' lang='grc' dir='ltr'><em>πέμπτης</em></span> <span class='ocrx_word' id='word_1_50' title='bbox 794 798 964 842; x_wconf 75' lang='grc' dir='ltr'><em>συνόδου</em></span> <span class='ocrx_word' id='word_1_51' title='bbox 983 805 1096 842; x_wconf 83' lang='grc' dir='ltr'><em>θεῖον</em></span> <span class='ocrx_word' id='word_1_52' title='bbox 1115 807 1256 856; x_wconf 80' lang='grc' dir='ltr'><em>στῖφος</em></span> 
     </span>
     <span class='ocr_line' id='line_1_11' title="bbox 325 863 1080 920; baseline 0 -12"><span class='ocrx_word' id='word_1_53' title='bbox 325 863 337 872; x_wconf 71' lang='grc'><em>’</em></span> <span class='ocrx_word' id='word_1_54' title='bbox 361 870 493 916; x_wconf 81' lang='grc' dir='ltr'><em>καλῶς</em></span> <span class='ocrx_word' id='word_1_55' title='bbox 514 865 680 910; x_wconf 75' lang='grc' dir='ltr'><em>ἁλισθέν</em></span> <span class='ocrx_word' id='word_1_56' title='bbox 701 869 741 909; x_wconf 73' lang='grc' dir='ltr'><em>ἓν</em></span> <span class='ocrx_word' id='word_1_57' title='bbox 758 868 935 920; x_wconf 80' lang='grc' dir='ltr'><em>βασιλίδι</em></span> <span class='ocrx_word' id='word_1_58' title='bbox 955 866 1080 919; x_wconf 82' lang='grc' dir='ltr'><em>πόλει,</em></span> 
     </span>
     <span class='ocr_line' id='line_1_12' title="bbox 357 933 1236 991; baseline -0.002 -14"><span class='ocrx_word' id='word_1_59' title='bbox 357 939 542 989; x_wconf 80' lang='grc' dir='ltr'><em>στοιχοῦν</em></span> <span class='ocrx_word' id='word_1_60' title='bbox 563 933 753 990; x_wconf 80' lang='grc' dir='ltr'><em>τετάρτης</em></span> <span class='ocrx_word' id='word_1_61' title='bbox 773 933 944 977; x_wconf 86' lang='grc' dir='ltr'><em>συνόδου</em></span> <span class='ocrx_word' id='word_1_62' title='bbox 968 937 1095 984; x_wconf 80' lang='grc' dir='ltr'><em>θείοις</em></span> <span class='ocrx_word' id='word_1_63' title='bbox 1114 933 1236 991; x_wconf 82' lang='grc' dir='ltr'><em>ὅροις,</em></span> 
     </span>
     <span class='ocr_line' id='line_1_13' title="bbox 359 1001 1172 1060; baseline 0.002 -17"><span class='ocrx_word' id='word_1_64' title='bbox 359 1003 493 1052; x_wconf 79' lang='grc' dir='ltr'><em>αὐτοῖς</em></span> <span class='ocrx_word' id='word_1_65' title='bbox 513 1019 556 1058; x_wconf 87' lang='grc' dir='ltr'>γε</span> <span class='ocrx_word' id='word_1_66' title='bbox 578 1001 862 1060; x_wconf 80' lang='grc' dir='ltr'><em>συγγράμμασι</em></span> <span class='ocrx_word' id='word_1_67' title='bbox 882 1004 952 1045; x_wconf 87' lang='grc' dir='ltr'>τὸν</span> <span class='ocrx_word' id='word_1_68' title='bbox 965 1003 1172 1060; x_wconf 79' lang='grc' dir='ltr'><em>Ὠριγὲνην</em></span> 
     </span>
     <span class='ocr_line' id='line_1_14' title="bbox 227 1069 1078 1129; baseline 0.004 -19"><span class='ocrx_word' id='word_1_69' title='bbox 227 1072 338 1113; x_wconf 91' lang='grc'>9790</span> <span class='ocrx_word' id='word_1_70' title='bbox 360 1072 520 1125; x_wconf 76' lang='grc' dir='ltr'><em>τίθησιν</em></span> <span class='ocrx_word' id='word_1_71' title='bbox 541 1069 781 1126; x_wconf 77' lang='grc' dir='ltr'><em>ἒκκήρυκτον</em></span> <span class='ocrx_word' id='word_1_72' title='bbox 801 1070 887 1124; x_wconf 78' lang='grc' dir='ltr'><em>ἅμα</em></span> <span class='ocrx_word' id='word_1_73' title='bbox 905 1070 1078 1129; x_wconf 73' lang='grc' dir='ltr'><em>Διδόμῳ</em></span> 
     </span>
     <span class='ocr_line' id='line_1_15' title="bbox 361 1136 1164 1195; baseline 0 -15"><span class='ocrx_word' id='word_1_74' title='bbox 361 1140 429 1180; x_wconf 86' lang='grc' dir='ltr'>καὶ</span> <span class='ocrx_word' id='word_1_75' title='bbox 451 1136 662 1195; x_wconf 83' lang='grc' dir='ltr'><em>Θεόδωρον</em></span> <span class='ocrx_word' id='word_1_76' title='bbox 678 1139 747 1182; x_wconf 89' lang='grc' dir='ltr'>τὸν</span> <span class='ocrx_word' id='word_1_77' title='bbox 764 1143 837 1193; x_wconf 82' lang='grc' dir='ltr'><em>τῆς</em></span> <span class='ocrx_word' id='word_1_78' title='bbox 854 1140 1164 1194; x_wconf 68' lang='grc' dir='ltr'><em>ΠΙοψουεστίας.</em></span> 
     </span>
     <span class='ocr_line' id='line_1_16' title="bbox 362 1206 1179 1262; baseline 0 -14"><span class='ocrx_word' id='word_1_79' title='bbox 362 1208 584 1260; x_wconf 76' lang='grc' dir='ltr'><em>ἔξωσμένου</em></span> <span class='ocrx_word' id='word_1_80' title='bbox 606 1206 757 1262; x_wconf 83' lang='grc' dir='ltr'><em>θρόνου</em></span> <span class='ocrx_word' id='word_1_81' title='bbox 778 1208 821 1249; x_wconf 76' lang='grc' dir='ltr'>δὲ</span> <span class='ocrx_word' id='word_1_82' title='bbox 840 1208 957 1250; x_wconf 76' lang='grc' dir='ltr'><em>τοῦδ’</em></span> <span class='ocrx_word' id='word_1_83' title='bbox 981 1208 1179 1261; x_wconf 80' lang='grc' dir='ltr'><em>Εὗτυχίου</em></span> 
     </span>
     <span class='ocr_line' id='line_1_17' title="bbox 362 1272 1078 1331; baseline 0.003 -15"><span class='ocrx_word' id='word_1_84' title='bbox 362 1275 432 1331; x_wconf 72' lang='grc' dir='ltr'>ἐφ’</span> <span class='ocrx_word' id='word_1_85' title='bbox 460 1272 597 1330; x_wconf 74' lang='grc' dir='ltr'><em>οἷσπερ</em></span> <span class='ocrx_word' id='word_1_86' title='bbox 622 1273 802 1331; x_wconf 73' lang='grc' dir='ltr'><em>ἐξήλεγχε</em></span> <span class='ocrx_word' id='word_1_87' title='bbox 820 1275 890 1318; x_wconf 81' lang='grc' dir='ltr'>τὸν</span> <span class='ocrx_word' id='word_1_88' title='bbox 908 1276 1078 1330; x_wconf 77' lang='grc' dir='ltr'><em>βασιλέα</em></span> 
     </span>
     <span class='ocr_line' id='line_1_18' title="bbox 362 1341 1203 1400; baseline 0 -16"><span class='ocrx_word' id='word_1_89' title='bbox 362 1341 495 1397; x_wconf 86' lang='grc' dir='ltr'><em>δόγμα</em></span> <span class='ocrx_word' id='word_1_90' title='bbox 514 1343 708 1397; x_wconf 83' lang='grc' dir='ltr'><em>στυγητὸν</em></span> <span class='ocrx_word' id='word_1_91' title='bbox 727 1342 974 1400; x_wconf 80' lang='grc' dir='ltr'><em>κρατύνοντα</em></span> <span class='ocrx_word' id='word_1_92' title='bbox 993 1345 1058 1385; x_wconf 80' lang='grc' dir='ltr'>καὶ</span> <span class='ocrx_word' id='word_1_93' title='bbox 1079 1342 1203 1385; x_wconf 80' lang='grc' dir='ltr'><em>νόθον</em></span> 
     </span>
     <span class='ocr_line' id='line_1_19' title="bbox 227 1406 1375 1467; baseline -0.001 -17"><span class='ocrx_word' id='word_1_94' title='bbox 227 1411 336 1451; x_wconf 88' lang='grc'>9795</span> <span class='ocrx_word' id='word_1_95' title='bbox 362 1414 441 1452; x_wconf 78' lang='grc' dir='ltr'>τῶν</span> <span class='ocrx_word' id='word_1_96' title='bbox 461 1408 594 1466; x_wconf 84' lang='grc' dir='ltr'><em>σάρκα</em></span> <span class='ocrx_word' id='word_1_97' title='bbox 615 1413 808 1467; x_wconf 78' lang='grc' dir='ltr'><em>φθαρτὴν</em></span> <span class='ocrx_word' id='word_1_98' title='bbox 821 1412 884 1467; x_wconf 84' lang='grc' dir='ltr'><em>-μὴ</em></span> <span class='ocrx_word' id='word_1_99' title='bbox 906 1410 1100 1467; x_wconf 82' lang='grc' dir='ltr'><em>λεγόντων</em></span> <span class='ocrx_word' id='word_1_100' title='bbox 1119 1417 1226 1466; x_wconf 80' lang='grc' dir='ltr'><em>σχεῖν</em></span> <span class='ocrx_word' id='word_1_101' title='bbox 1245 1406 1375 1464; x_wconf 85' lang='grc' dir='ltr'><em>λόγον,</em></span> 
     </span>
     <span class='ocr_line' id='line_1_20' title="bbox 363 1476 1112 1533; baseline 0 -12"><span class='ocrx_word' id='word_1_102' title='bbox 363 1476 624 1531; x_wconf 84' lang='grc' dir='ltr'><em>σχολαστικός</em></span> <span class='ocrx_word' id='word_1_103' title='bbox 645 1497 706 1528; x_wconf 87' lang='grc' dir='ltr'><em>τις</em></span> <span class='ocrx_word' id='word_1_104' title='bbox 727 1480 893 1533; x_wconf 74' lang='grc' dir='ltr'><em>εὐσεβὴς</em></span> <span class='ocrx_word' id='word_1_105' title='bbox 913 1478 1112 1533; x_wconf 68' lang='grc' dir='ltr'><em>Ἰωάννης,</em></span> 
     </span>
     <span class='ocr_line' id='line_1_21' title="bbox 363 1545 1151 1602; baseline 0.001 -15"><span class='ocrx_word' id='word_1_106' title='bbox 363 1550 435 1599; x_wconf 82' lang='grc' dir='ltr'><em>τῆς</em></span> <span class='ocrx_word' id='word_1_107' title='bbox 461 1545 682 1600; x_wconf 68' lang='grc' dir='ltr'><em>Ἀντιόχου</em></span> <span class='ocrx_word' id='word_1_108' title='bbox 702 1546 908 1602; x_wconf 82' lang='grc' dir='ltr'><em>τυγχάνων</em></span> <span class='ocrx_word' id='word_1_109' title='bbox 928 1546 1151 1601; x_wconf 86' lang='grc' dir='ltr'><em>θυηπόλος,</em></span> 
     </span>
     <span class='ocr_line' id='line_1_22' title="bbox 362 1613 1160 1670; baseline 0 -16"><span class='ocrx_word' id='word_1_110' title='bbox 362 1614 574 1670; x_wconf 84' lang='grc' dir='ltr'><em>προεδρίαν</em></span> <span class='ocrx_word' id='word_1_111' title='bbox 594 1613 731 1670; x_wconf 74' lang='grc' dir='ltr'><em>εἴληφε</em></span> <span class='ocrx_word' id='word_1_112' title='bbox 750 1619 822 1668; x_wconf 84' lang='grc' dir='ltr'><em>τῆς</em></span> <span class='ocrx_word' id='word_1_113' title='bbox 841 1616 1160 1657; x_wconf 86' lang='grc' dir='ltr'><em>Κωνσταντίνου.</em></span> 
     </span>
     <span class='ocr_line' id='line_1_23' title="bbox 360 1671 1139 1737; baseline 0 -16"><span class='ocrx_word' id='word_1_114' title='bbox 360 1671 619 1737; x_wconf 72' lang='grc' dir='ltr'><em>χρησαμένου</em></span> <span class='ocrx_word' id='word_1_115' title='bbox 638 1682 737 1723; x_wconf 79' lang='grc' dir='ltr'><em>τέλει</em></span> <span class='ocrx_word' id='word_1_116' title='bbox 759 1683 802 1723; x_wconf 76' lang='grc' dir='ltr'>δὲ</span> <span class='ocrx_word' id='word_1_117' title='bbox 822 1684 939 1724; x_wconf 79' lang='grc' dir='ltr'><em>τοῦδε</em></span> <span class='ocrx_word' id='word_1_118' title='bbox 960 1686 1032 1723; x_wconf 79' lang='grc' dir='ltr'><em>τοῦ</em></span> <span class='ocrx_word' id='word_1_119' title='bbox 1047 1682 1139 1734; x_wconf 84' lang='grc' dir='ltr'><em>βίου</em></span> 
     </span>
     <span class='ocr_line' id='line_1_24' title="bbox 232 1747 1143 1805; baseline 0 -16"><span class='ocrx_word' id='word_1_120' title='bbox 232 1751 343 1790; x_wconf 90' lang='grc'>9800</span> <span class='ocrx_word' id='word_1_121' title='bbox 366 1750 433 1790; x_wconf 84' lang='grc' dir='ltr'>καὶ</span> <span class='ocrx_word' id='word_1_122' title='bbox 453 1748 572 1790; x_wconf 82' lang='grc' dir='ltr'><em>πάλιν</em></span> <span class='ocrx_word' id='word_1_123' title='bbox 592 1747 788 1803; x_wconf 83' lang='grc' dir='ltr'><em>Εὐτύχιος</em></span> <span class='ocrx_word' id='word_1_124' title='bbox 807 1750 966 1803; x_wconf 80' lang='grc' dir='ltr'><em>εὐτυχεῖ</em></span> <span class='ocrx_word' id='word_1_125' title='bbox 977 1747 1143 1805; x_wconf 82' lang='grc' dir='ltr'><em>θρόνον.</em></span> 
     </span>
     <span class='ocr_line' id='line_1_25' title="bbox 450 1815 1217 1873; baseline -0.001 -16"><span class='ocrx_word' id='word_1_126' title='bbox 450 1817 573 1858; x_wconf 76' lang='grc' dir='ltr'><em>Μεθ’</em></span> <span class='ocrx_word' id='word_1_127' title='bbox 599 1815 643 1858; x_wconf 77' lang='grc' dir='ltr'><em>ὃν</em></span> <span class='ocrx_word' id='word_1_128' title='bbox 663 1815 895 1873; x_wconf 82' lang='grc' dir='ltr'><em>καθωράϊσε</em></span> <span class='ocrx_word' id='word_1_129' title='bbox 917 1817 990 1871; x_wconf 84' lang='grc' dir='ltr'>τὴν</span> <span class='ocrx_word' id='word_1_130' title='bbox 1008 1816 1217 1870; x_wconf 72' lang='grc' dir='ltr'><em>ἐκκλησίαν</em></span> 
     </span>
     <span class='ocr_line' id='line_1_26' title="bbox 368 1882 1106 1940; baseline 0.001 -16"><span class='ocrx_word' id='word_1_131' title='bbox 368 1882 469 1940; x_wconf 80' lang='grc' dir='ltr'><em>ἀνὴρ</em></span> <span class='ocrx_word' id='word_1_132' title='bbox 489 1882 790 1939; x_wconf 83' lang='grc' dir='ltr'><em>χαριτώνυμος,</em></span> <span class='ocrx_word' id='word_1_133' title='bbox 827 1884 965 1938; x_wconf 74' lang='grc' dir='ltr'><em>ὄλβιον</em></span> <span class='ocrx_word' id='word_1_134' title='bbox 986 1882 1106 1938; x_wconf 81' lang='grc' dir='ltr'><em>κάρα,</em></span> 
     </span>
     <span class='ocr_line' id='line_1_27' title="bbox 369 1951 1223 2010; baseline -0.001 -17"><span class='ocrx_word' id='word_1_135' title='bbox 369 1951 582 2005; x_wconf 82' lang='grc' dir='ltr'><em>νηστευτὴς</em></span> <span class='ocrx_word' id='word_1_136' title='bbox 598 1951 857 2006; x_wconf 80' lang='grc' dir='ltr'><em>τούπώνυμον</em></span> <span class='ocrx_word' id='word_1_137' title='bbox 874 1954 915 2003; x_wconf 73' lang='grc' dir='ltr'>ἐξ</span> <span class='ocrx_word' id='word_1_138' title='bbox 933 1952 1057 2010; x_wconf 70' lang='grc' dir='ltr'><em>ἴργων</em></span> <span class='ocrx_word' id='word_1_139' title='bbox 1077 1952 1223 2008; x_wconf 72' lang='grc' dir='ltr'><em>φέρων,</em></span> 
     </span>
    </p>
   </div>
   <div class='ocr_carea' id='block_1_3' title="bbox 451 2051 738 2101">
    <p class='ocr_par' dir='ltr' id='par_1_3' title="bbox 451 2051 738 2101">
     <span class='ocr_line' id='line_1_28' title="bbox 451 2051 738 2101; baseline -0.003 -10"><span class='ocrx_word' id='word_1_140' title='bbox 451 2057 542 2091; x_wconf 87' lang='grc'>9793</span> <span class='ocrx_word' id='word_1_141' title='bbox 566 2051 682 2101; x_wconf 74' lang='grc' dir='ltr'><em>οὗπερ</em></span> <span class='ocrx_word' id='word_1_142' title='bbox 707 2058 738 2090; x_wconf 95' lang='lat' dir='ltr'>V</span> 
     </span>
    </p>
   </div>
   <div class='ocr_carea' id='block_1_4' title="bbox 236 2146 1691 2828">
    <p class='ocr_par' dir='ltr' id='par_1_4' title="bbox 236 2146 1686 2238">
     <span class='ocr_line' id='line_1_29' title="bbox 236 2146 1686 2192; baseline 0.003 -13"><span class='ocrx_word' id='word_1_143' title='bbox 236 2146 524 2188; x_wconf 84' lang='lat' dir='ltr'>Alexandrinum,</span> <span class='ocrx_word' id='word_1_144' title='bbox 549 2147 710 2180; x_wconf 79' lang='lat' dir='ltr'><strong>facundia</strong></span> <span class='ocrx_word' id='word_1_145' title='bbox 735 2146 860 2181; x_wconf 83' lang='lat' dir='ltr'>clarum</span> <span class='ocrx_word' id='word_1_146' title='bbox 886 2148 1063 2192; x_wconf 79' lang='lat' dir='ltr'>magisque</span> <span class='ocrx_word' id='word_1_147' title='bbox 1085 2147 1256 2190; x_wconf 85' lang='lat' dir='ltr'>moribus,</span> <span class='ocrx_word' id='word_1_148' title='bbox 1279 2147 1448 2182; x_wconf 77' lang='lat' dir='ltr'>alumnum</span> <span class='ocrx_word' id='word_1_149' title='bbox 1473 2148 1686 2184; x_wconf 78' lang='lat' dir='ltr'>sacerdotem</span> 
     </span>
     <span class='ocr_line' id='line_1_30' title="bbox 237 2192 1294 2238; baseline 0.001 -12"><span class='ocrx_word' id='word_1_150' title='bbox 237 2193 366 2235; x_wconf 84' lang='lat'>(9780)</span> <span class='ocrx_word' id='word_1_151' title='bbox 395 2192 582 2236; x_wconf 78' lang='lat' dir='ltr'>ecclesiae,</span> <span class='ocrx_word' id='word_1_152' title='bbox 609 2193 823 2226; x_wconf 87' lang='lat' dir='ltr'>xenodochio</span> <span class='ocrx_word' id='word_1_153' title='bbox 847 2195 1056 2238; x_wconf 84' lang='lat' dir='ltr'>praefectum</span> <span class='ocrx_word' id='word_1_154' title='bbox 1081 2192 1294 2238; x_wconf 87' lang='lat' dir='ltr'>Sampsonis.</span> 
     </span>
    </p>

    <p class='ocr_par' dir='ltr' id='par_1_5' title="bbox 237 2237 1691 2735">
     <span class='ocr_line' id='line_1_31' title="bbox 329 2237 1689 2283; baseline 0.001 -12"><span class='ocrx_word' id='word_1_155' title='bbox 329 2238 408 2277; x_wconf 82' lang='lat' dir='ltr'>Quo</span> <span class='ocrx_word' id='word_1_156' title='bbox 431 2238 490 2282; x_wconf 90' lang='lat' dir='ltr'>pie</span> <span class='ocrx_word' id='word_1_157' title='bbox 512 2238 688 2271; x_wconf 78' lang='lat' dir='ltr'>mortalem</span> <span class='ocrx_word' id='word_1_158' title='bbox 711 2237 894 2273; x_wconf 84' lang='lat' dir='ltr'>deserente</span> <span class='ocrx_word' id='word_1_159' title='bbox 915 2240 1041 2282; x_wconf 84' lang='lat' dir='ltr'>vitam,</span> <span class='ocrx_word' id='word_1_160' title='bbox 1065 2238 1262 2282; x_wconf 82' lang='lat' dir='ltr'>Eutychius</span> <span class='ocrx_word' id='word_1_161' title='bbox 1285 2237 1423 2283; x_wconf 86' lang='lat' dir='ltr'>quidam</span> <span class='ocrx_word' id='word_1_162' title='bbox 1445 2238 1629 2273; x_wconf 85' lang='lat' dir='ltr'>monachus</span> <span class='ocrx_word' id='word_1_163' title='bbox 1652 2243 1689 2273; x_wconf 85' lang='lat' dir='ltr'>et</span> 
     </span>
     <span class='ocr_line' id='line_1_32' title="bbox 237 2283 1688 2327; baseline 0.001 -11"><span class='ocrx_word' id='word_1_164' title='bbox 237 2283 400 2316; x_wconf 83' lang='lat' dir='ltr'>sacerdos</span> <span class='ocrx_word' id='word_1_165' title='bbox 432 2295 475 2317; x_wconf 88' lang='lat' dir='ltr'>ex</span> <span class='ocrx_word' id='word_1_166' title='bbox 507 2284 676 2317; x_wconf 86' lang='lat' dir='ltr'>Amaseno</span> <span class='ocrx_word' id='word_1_167' title='bbox 701 2285 916 2319; x_wconf 82' lang='lat' dir='ltr'>sanctissimo</span> <span class='ocrx_word' id='word_1_168' title='bbox 940 2284 1127 2327; x_wconf 88' lang='lat' dir='ltr'>coenobio,</span> <span class='ocrx_word' id='word_1_169' title='bbox 1163 2283 1292 2317; x_wconf 86' lang='lat' dir='ltr'>amicus</span> <span class='ocrx_word' id='word_1_170' title='bbox 1314 2283 1510 2327; x_wconf 80' lang='lat' dir='ltr'>literarum,</span> <span class='ocrx_word' id='word_1_171' title='bbox 1548 2283 1688 2318; x_wconf 77' lang='lat' dir='ltr'>virtutis</span> 
     </span>
     <span class='ocr_line' id='line_1_33' title="bbox 238 2328 1690 2376; baseline 0.001 -16"><span class='ocrx_word' id='word_1_172' title='bbox 238 2335 371 2372; x_wconf 77' lang='lat' dir='ltr'>auctor,</span> <span class='ocrx_word' id='word_1_173' title='bbox 395 2328 519 2372; x_wconf 88' lang='grc'>(9785)</span> <span class='ocrx_word' id='word_1_174' title='bbox 542 2328 733 2362; x_wconf 78' lang='lat' dir='ltr'>Christiani</span> <span class='ocrx_word' id='word_1_175' title='bbox 757 2331 865 2364; x_wconf 90' lang='lat' dir='ltr'>bonus</span> <span class='ocrx_word' id='word_1_176' title='bbox 890 2336 1008 2376; x_wconf 84' lang='lat' dir='ltr'>pastor</span> <span class='ocrx_word' id='word_1_177' title='bbox 1032 2329 1133 2363; x_wconf 83' lang='lat' dir='ltr'>ovilis</span> <span class='ocrx_word' id='word_1_178' title='bbox 1154 2328 1233 2363; x_wconf 80' lang='lat' dir='ltr'>fuit.</span> <span class='ocrx_word' id='word_1_179' title='bbox 1263 2330 1326 2363; x_wconf 88' lang='lat' dir='ltr'>sub</span> <span class='ocrx_word' id='word_1_180' title='bbox 1345 2341 1386 2369; x_wconf 85' lang='lat' dir='ltr'>eo</span> <span class='ocrx_word' id='word_1_181' title='bbox 1405 2330 1547 2374; x_wconf 75' lang='lat' dir='ltr'>quintae</span> <span class='ocrx_word' id='word_1_182' title='bbox 1563 2329 1690 2373; x_wconf 77' lang='lat' dir='ltr'>synodi</span> 
     </span>
     <span class='ocr_line' id='line_1_34' title="bbox 238 2373 1690 2420; baseline 0.001 -14"><span class='ocrx_word' id='word_1_183' title='bbox 238 2373 340 2407; x_wconf 80' lang='lat' dir='ltr'>divus</span> <span class='ocrx_word' id='word_1_184' title='bbox 374 2379 491 2407; x_wconf 87' lang='lat' dir='ltr'>coetus</span> <span class='ocrx_word' id='word_1_185' title='bbox 526 2374 634 2420; x_wconf 71' lang='lat' dir='ltr'>regali</span> <span class='ocrx_word' id='word_1_186' title='bbox 664 2374 699 2407; x_wconf 90' lang='lat' dir='ltr'>in</span> <span class='ocrx_word' id='word_1_187' title='bbox 731 2376 818 2408; x_wconf 86' lang='lat' dir='ltr'>urbe</span> <span class='ocrx_word' id='word_1_188' title='bbox 841 2375 909 2410; x_wconf 87' lang='lat' dir='ltr'>rite</span> <span class='ocrx_word' id='word_1_189' title='bbox 933 2380 1181 2420; x_wconf 83' lang='lat' dir='ltr'>congregatus,</span> <span class='ocrx_word' id='word_1_190' title='bbox 1215 2374 1377 2409; x_wconf 84' lang='lat' dir='ltr'>insistens</span> <span class='ocrx_word' id='word_1_191' title='bbox 1398 2379 1542 2419; x_wconf 79' lang='lat' dir='ltr'>quartae</span> <span class='ocrx_word' id='word_1_192' title='bbox 1563 2374 1690 2419; x_wconf 79' lang='lat' dir='ltr'>synodi</span> 
     </span>
     <span class='ocr_line' id='line_1_35' title="bbox 239 2419 1689 2465; baseline 0 -13"><span class='ocrx_word' id='word_1_193' title='bbox 239 2419 427 2453; x_wconf 85' lang='lat' dir='ltr'>canonibus</span> <span class='ocrx_word' id='word_1_194' title='bbox 451 2420 607 2463; x_wconf 84' lang='lat' dir='ltr'>ipsisque</span> <span class='ocrx_word' id='word_1_195' title='bbox 631 2419 781 2453; x_wconf 88' lang='lat' dir='ltr'>eiusdem</span> <span class='ocrx_word' id='word_1_196' title='bbox 798 2421 965 2465; x_wconf 84' lang='lat' dir='ltr'>formulis,</span> <span class='ocrx_word' id='word_1_197' title='bbox 989 2421 1174 2465; x_wconf 80' lang='lat' dir='ltr'>Origenem</span> <span class='ocrx_word' id='word_1_198' title='bbox 1198 2420 1322 2463; x_wconf 89' lang='lat'>(9790)</span> <span class='ocrx_word' id='word_1_199' title='bbox 1344 2420 1448 2454; x_wconf 86' lang='lat' dir='ltr'>eiecit</span> <span class='ocrx_word' id='word_1_200' title='bbox 1467 2421 1511 2454; x_wconf 82' lang='lat' dir='ltr'>ab</span> <span class='ocrx_word' id='word_1_201' title='bbox 1531 2419 1689 2462; x_wconf 79' lang='lat' dir='ltr'>ecclesia,</span> 
     </span>
     <span class='ocr_line' id='line_1_36' title="bbox 241 2463 1690 2510; baseline 0.001 -14"><span class='ocrx_word' id='word_1_202' title='bbox 241 2463 410 2508; x_wconf 88' lang='lat' dir='ltr'>simulque</span> <span class='ocrx_word' id='word_1_203' title='bbox 443 2464 625 2508; x_wconf 80' lang='lat' dir='ltr'>Didymurn</span> <span class='ocrx_word' id='word_1_204' title='bbox 659 2469 694 2499; x_wconf 90' lang='lat' dir='ltr'>et</span> <span class='ocrx_word' id='word_1_205' title='bbox 726 2465 947 2500; x_wconf 86' lang='lat' dir='ltr'>Theodorum</span> <span class='ocrx_word' id='word_1_206' title='bbox 978 2465 1216 2510; x_wconf 84' lang='lat' dir='ltr'>Mopsuestiae</span> <span class='ocrx_word' id='word_1_207' title='bbox 1245 2465 1456 2510; x_wconf 85' lang='lat' dir='ltr'>episcopum.</span> <span class='ocrx_word' id='word_1_208' title='bbox 1513 2464 1690 2508; x_wconf 80' lang='lat' dir='ltr'>Eutychio</span> 
     </span>
     <span class='ocr_line' id='line_1_37' title="bbox 241 2509 1691 2555; baseline 0.001 -13"><span class='ocrx_word' id='word_1_209' title='bbox 241 2514 365 2553; x_wconf 85' lang='lat' dir='ltr'>postea</span> <span class='ocrx_word' id='word_1_210' title='bbox 388 2510 551 2544; x_wconf 81' lang='lat' dir='ltr'>cathedra</span> <span class='ocrx_word' id='word_1_211' title='bbox 575 2510 736 2555; x_wconf 87' lang='lat' dir='ltr'>depulso,</span> <span class='ocrx_word' id='word_1_212' title='bbox 769 2517 956 2555; x_wconf 85' lang='lat' dir='ltr'>propterea</span> <span class='ocrx_word' id='word_1_213' title='bbox 979 2511 1071 2555; x_wconf 88' lang='lat' dir='ltr'>quod</span> <span class='ocrx_word' id='word_1_214' title='bbox 1092 2510 1375 2554; x_wconf 86' lang='lat' dir='ltr'>reprehendisset</span> <span class='ocrx_word' id='word_1_215' title='bbox 1396 2511 1600 2552; x_wconf 81' lang='lat' dir='ltr'>Caesarem,</span> <span class='ocrx_word' id='word_1_216' title='bbox 1630 2509 1691 2553; x_wconf 89' lang='lat' dir='ltr'>qui</span> 
     </span>
     <span class='ocr_line' id='line_1_38' title="bbox 241 2554 1690 2599; baseline 0.001 -13"><span class='ocrx_word' id='word_1_217' title='bbox 241 2554 364 2587; x_wconf 81' lang='lat' dir='ltr'>salsum</span> <span class='ocrx_word' id='word_1_218' title='bbox 388 2555 512 2598; x_wconf 86' lang='lat' dir='ltr'>dogma</span> <span class='ocrx_word' id='word_1_219' title='bbox 535 2561 570 2588; x_wconf 87' lang='lat' dir='ltr'>et</span> <span class='ocrx_word' id='word_1_220' title='bbox 593 2555 775 2599; x_wconf 83' lang='lat' dir='ltr'>pessimum</span> <span class='ocrx_word' id='word_1_221' title='bbox 798 2556 942 2590; x_wconf 80' lang='lat' dir='ltr'>fovebat</span> <span class='ocrx_word' id='word_1_222' title='bbox 963 2557 1088 2599; x_wconf 85' lang='lat'>(9795)</span> <span class='ocrx_word' id='word_1_223' title='bbox 1111 2557 1155 2589; x_wconf 83' lang='lat' dir='ltr'>de</span> <span class='ocrx_word' id='word_1_224' title='bbox 1171 2556 1304 2589; x_wconf 86' lang='lat' dir='ltr'>Christi</span> <span class='ocrx_word' id='word_1_225' title='bbox 1330 2556 1366 2589; x_wconf 88' lang='lat' dir='ltr'>in</span> <span class='ocrx_word' id='word_1_226' title='bbox 1388 2561 1482 2589; x_wconf 83' lang='lat' dir='ltr'>terra</span> <span class='ocrx_word' id='word_1_227' title='bbox 1505 2566 1609 2588; x_wconf 86' lang='lat' dir='ltr'>carue</span> <span class='ocrx_word' id='word_1_228' title='bbox 1633 2555 1690 2587; x_wconf 82' lang='lat' dir='ltr'>in-</span> 
     </span>
     <span class='ocr_line' id='line_1_39' title="bbox 242 2600 1691 2646; baseline 0 -14"><span class='ocrx_word' id='word_1_229' title='bbox 242 2600 482 2643; x_wconf 83' lang='lat' dir='ltr'>corruptibili,</span> <span class='ocrx_word' id='word_1_230' title='bbox 508 2600 732 2634; x_wconf 85' lang='lat' dir='ltr'>scholasticus</span> <span class='ocrx_word' id='word_1_231' title='bbox 755 2601 901 2635; x_wconf 85' lang='lat' dir='ltr'>Ioannes</span> <span class='ocrx_word' id='word_1_232' title='bbox 914 2629 923 2645; x_wconf 92' lang='lat'>,</span> <span class='ocrx_word' id='word_1_233' title='bbox 950 2603 1049 2635; x_wconf 84' lang='lat' dir='ltr'>homo</span> <span class='ocrx_word' id='word_1_234' title='bbox 1068 2602 1144 2646; x_wconf 88' lang='lat' dir='ltr'>pius</span> <span class='ocrx_word' id='word_1_235' title='bbox 1157 2627 1167 2644; x_wconf 92' lang='lat'>,</span> <span class='ocrx_word' id='word_1_236' title='bbox 1194 2601 1406 2634; x_wconf 83' lang='lat' dir='ltr'>Antiochena</span> <span class='ocrx_word' id='word_1_237' title='bbox 1422 2612 1463 2634; x_wconf 87' lang='lat' dir='ltr'>ex</span> <span class='ocrx_word' id='word_1_238' title='bbox 1481 2602 1583 2640; x_wconf 78' lang='lat' dir='ltr'>urbe,</span> <span class='ocrx_word' id='word_1_239' title='bbox 1608 2605 1691 2633; x_wconf 82' lang='lat' dir='ltr'>tunc</span> 
     </span>
     <span class='ocr_line' id='line_1_40' title="bbox 242 2645 1688 2690; baseline 0.001 -13"><span class='ocrx_word' id='word_1_240' title='bbox 242 2646 416 2688; x_wconf 59' lang='grc' dir='ltr'>ὅποι-(105,</span> <span class='ocrx_word' id='word_1_241' title='bbox 440 2646 706 2690; x_wconf 84' lang='lat' dir='ltr'>patriarchatum</span> <span class='ocrx_word' id='word_1_242' title='bbox 730 2646 816 2679; x_wconf 88' lang='lat' dir='ltr'>adiit</span> <span class='ocrx_word' id='word_1_243' title='bbox 835 2647 1076 2690; x_wconf 85' lang='lat' dir='ltr'>Byzantinum.</span> <span class='ocrx_word' id='word_1_244' title='bbox 1124 2647 1185 2680; x_wconf 84' lang='lat' dir='ltr'>sed</span> <span class='ocrx_word' id='word_1_245' title='bbox 1210 2646 1269 2680; x_wconf 89' lang='lat' dir='ltr'>ubi</span> <span class='ocrx_word' id='word_1_246' title='bbox 1292 2646 1322 2679; x_wconf 87' lang='lat' dir='ltr'>is</span> <span class='ocrx_word' id='word_1_247' title='bbox 1345 2657 1482 2690; x_wconf 86' lang='lat' dir='ltr'>quoque</span> <span class='ocrx_word' id='word_1_248' title='bbox 1502 2645 1595 2678; x_wconf 80' lang='lat' dir='ltr'>vitae</span> <span class='ocrx_word' id='word_1_249' title='bbox 1617 2656 1688 2678; x_wconf 90' lang='lat' dir='ltr'>me-</span> 
     </span>
     <span class='ocr_line' id='line_1_41' title="bbox 242 2690 1401 2735; baseline 0.001 -12"><span class='ocrx_word' id='word_1_250' title='bbox 242 2694 311 2723; x_wconf 82' lang='lat' dir='ltr'>tam</span> <span class='ocrx_word' id='word_1_251' title='bbox 336 2690 472 2734; x_wconf 85' lang='lat' dir='ltr'>attigit,</span> <span class='ocrx_word' id='word_1_252' title='bbox 498 2692 619 2733; x_wconf 84' lang='lat'>(9800)</span> <span class='ocrx_word' id='word_1_253' title='bbox 643 2702 762 2725; x_wconf 88' lang='lat' dir='ltr'>rursus</span> <span class='ocrx_word' id='word_1_254' title='bbox 785 2692 979 2735; x_wconf 78' lang='lat' dir='ltr'>Eutychius</span> <span class='ocrx_word' id='word_1_255' title='bbox 1003 2692 1039 2726; x_wconf 90' lang='lat' dir='ltr'>in</span> <span class='ocrx_word' id='word_1_256' title='bbox 1063 2693 1145 2726; x_wconf 86' lang='lat' dir='ltr'>sede</span> <span class='ocrx_word' id='word_1_257' title='bbox 1168 2691 1401 2725; x_wconf 83' lang='lat' dir='ltr'>constituitur.</span> 
     </span>
    </p>

    <p class='ocr_par' dir='ltr' id='par_1_6' title="bbox 245 2733 1690 2828">
     <span class='ocr_line' id='line_1_42' title="bbox 333 2733 1689 2782; baseline -0.001 -14"><span class='ocrx_word' id='word_1_258' title='bbox 333 2736 420 2768; x_wconf 85' lang='lat' dir='ltr'>Post</span> <span class='ocrx_word' id='word_1_259' title='bbox 443 2747 542 2780; x_wconf 88' lang='lat' dir='ltr'>quem</span> <span class='ocrx_word' id='word_1_260' title='bbox 567 2736 735 2771; x_wconf 85' lang='lat' dir='ltr'>ecclesiae</span> <span class='ocrx_word' id='word_1_261' title='bbox 756 2736 952 2782; x_wconf 88' lang='lat' dir='ltr'>splendidus</span> <span class='ocrx_word' id='word_1_262' title='bbox 976 2738 1088 2771; x_wconf 85' lang='lat' dir='ltr'>illuxit</span> <span class='ocrx_word' id='word_1_263' title='bbox 1110 2738 1257 2770; x_wconf 78' lang='lat' dir='ltr'>Ioannes</span> <span class='ocrx_word' id='word_1_264' title='bbox 1277 2737 1387 2778; x_wconf 86' lang='lat' dir='ltr'>alter,</span> <span class='ocrx_word' id='word_1_265' title='bbox 1410 2735 1508 2768; x_wconf 88' lang='lat' dir='ltr'>homo</span> <span class='ocrx_word' id='word_1_266' title='bbox 1530 2733 1689 2767; x_wconf 78' lang='lat' dir='ltr'>beatissi-</span> 
     </span>
     <span class='ocr_line' id='line_1_43' title="bbox 245 2778 1690 2828; baseline 0 -14"><span class='ocrx_word' id='word_1_267' title='bbox 245 2792 318 2815; x_wconf 87' lang='lat' dir='ltr'>mus</span> <span class='ocrx_word' id='word_1_268' title='bbox 331 2807 341 2826; x_wconf 86' lang='lat'>,</span> <span class='ocrx_word' id='word_1_269' title='bbox 376 2780 489 2815; x_wconf 86' lang='lat' dir='ltr'>dictus</span> <span class='ocrx_word' id='word_1_270' title='bbox 513 2793 638 2816; x_wconf 85' lang='lat' dir='ltr'>verace</span> <span class='ocrx_word' id='word_1_271' title='bbox 662 2781 761 2817; x_wconf 86' lang='lat' dir='ltr'>titulo</span> <span class='ocrx_word' id='word_1_272' title='bbox 784 2782 976 2827; x_wconf 82' lang='lat' dir='ltr'>ieiunatur,</span> <span class='ocrx_word' id='word_1_273' title='bbox 1001 2783 1062 2828; x_wconf 89' lang='lat' dir='ltr'>qui</span> <span class='ocrx_word' id='word_1_274' title='bbox 1084 2782 1252 2818; x_wconf 77' lang='lat' dir='ltr'>ecclesiae</span> <span class='ocrx_word' id='word_1_275' title='bbox 1273 2782 1425 2816; x_wconf 77' lang='lat' dir='ltr'>alumnus</span> <span class='ocrx_word' id='word_1_276' title='bbox 1447 2780 1561 2814; x_wconf 80' lang='lat' dir='ltr'>suerat</span> <span class='ocrx_word' id='word_1_277' title='bbox 1583 2785 1619 2814; x_wconf 84' lang='lat' dir='ltr'>et</span> <span class='ocrx_word' id='word_1_278' title='bbox 1639 2778 1690 2814; x_wconf 84' lang='lat' dir='ltr'>le-</span> 
     </span>
    </p>
   </div>
  </div>
 </body>
</html>
