1786 3080
177 147 276 192 230
341 145 344 148 ’
733 153 1082 200 EPHRAEMIUS

311 264 377 303 καὶ
396 262 500 305 κατὰ
519 267 591 306 τοῦ
608 261 816 323 φάρυγγος
833 261 916 311 ὦσέ
931 285 992 320 τις
1008 270 1136 325 ξίφος,

310 331 381 372 καί
397 348 459 381 τις
477 332 675 375 Λατίνων
696 336 800 377 καθ’
827 336 948 392 ἕδρας
971 335 1184 393 ἀκινάκην·

310 401 442 441 λοιποὶ
465 401 722 456 περιστάντες
742 404 787 445 δὲ
808 403 923 446 τόνδε
942 407 1137 448 Λατίνων

174 467 284 510 5575
309 474 392 517 τοῖς
411 468 565 524 ’ξίφεσιν
588 468 725 512 ἔπαιον
745 471 873 515 αὐτοῦ
890 475 1072 529 σαρκίον,

309 536 437 590 συχνὰ
456 539 751 594 καταφέροντες
771 541 897 583 αὐτοῦ
915 540 1129 594 συντόνως,

305 611 446 660 πεῖραν
467 606 636 661 δοκιμὴν
655 612 900 665 προσλαβεῖν
916 608 1110 667 ᾑρημένοι

309 671 445 715 ὁποῖον
467 673 600 716 αὐτῶν
620 676 916 733 τμητικώτερον
939 679 1058 721 πέλει.

304 739 433 791 οὕτως
452 742 637 785 ἓναθλῶν
659 745 700 786 ἐν
722 745 939 796 τοσαύταις
958 745 1156 799 βασάνοις

167 807 278 851 5580
301 811 368 851 καὶ
386 809 604 868 τηλικαύτῃ
623 818 848 870 συμφορῶν
864 817 1052 873 τρικυμίᾳ

303 878 444 931 ψυχὴν
466 880 728 937 ἕναπέρρηξεν
750 883 875 924 αὐτοῦ
896 883 999 938 πρὸς
1018 885 1113 936 βίαν

305 946 368 988 ἐπὶ
390 948 611 990 στυλίσκων
633 949 784 1003 ἀτίμως
804 951 1039 1006 ἠρτημένος.

389 1018 561 1058 Τοιοῦτο
584 1017 712 1073 τέρμα
733 1023 804 1061 τοῦ
826 1018 1000 1076 κράτους
1018 1021 1084 1062 καὶ
1105 1024 1180 1064 τοῦ
1196 1022 1291 1075 βίον

305 1080 507 1134 πολύτλας
523 1083 775 1141 Ἀνδρόνικος
792 1081 903 1143 εὗρεν
922 1089 963 1130 ε”ν
980 1089 1072 1146 βίῳ,

170 1150 279 1194 5585
299 1148 464 1206 χρόνοις
479 1153 553 1206 μὲν
570 1152 812 1210 ἄρξαςὸυσί
825 1173 903 1198 που
921 1154 1193 1213 στεφηφόρος,

302 1224 447 1262 κοινῶν
470 1221 510 1262 δ’
537 1220 594 1263 ἑνὶ
613 1220 751 1279 κύριος
772 1221 829 1266 ὢν
847 1228 927 1266 τῶν
949 1224 1198 1281 πραγμάτων

303 1286 399 1330 ἄνευ
417 1287 630 1343 χλαμύδος
650 1293 718 1333 καὶ
739 1294 960 1347 πολυτίμου
981 1293 1074 1349 στέᾳ
1084 1309 1167 1344 ους.

302 1349 353 1410 ἦν
377 1351 448 1399 οὖν
471 1358 580 1414 φυὴν
601 1357 790 1414 σώματος
813 1360 968 1418 εὐφυὴς
985 1360 1106 1413 πάνυ,

303 1422 477 1481 ἡρωϊκόν
502 1426 541 1468 τ’
570 1424 716 1483 ὄρθιον
739 1423 783 1470 εὖ
809 1429 944 1485 φέρων
966 1430 1106 1482 δέμας,

170 1494 280 1535 5590
305 1493 454 1548 ἀγητὸς
475 1492 579 1544 εἶδος
601 1498 666 1537 καὶ
689 1497 860 1552 γεραρὸς
882 1496 1063 1548 dociam,

303 1566 423 1615 σῶμα
448 1563 684 1615 προδεικνὺς
706 1562 814 1619 ὑγιές
837 1565 874 1607 τ’
901 1566 1140 1621 ἐρρωμένον.

303 1630 404 1682 μεθ’
429 1627 585 1686 ἡμέρας
606 1633 649 1674 δὲ
672 1624 925 1687 κατενεχθεὶς
944 1632 1108 1686 ὑψόθεν

304 1696 325 1739 ὅ
347 1699 465 1740 τοῦδε
486 1699 626 1754 νεκρὸς
647 1701 686 1741 ἓν
707 1704 784 1759 μιᾷ
803 1705 883 1743 τῶν
904 1699 1067 1754 ἆψίόων

303 1764 562 1820 ἀτημελήτως
585 1768 729 1824 ἐρρίφη
752 1773 825 1811 τοῦ
843 1770 1030 1811 σταδίου·

169 1833 278 1875 5595
303 1832 388 1876 εἶτα
405 1835 499 1891 περί
512 1852 589 1877 που
608 1836 681 1890 τὴν
698 1835 826 1891 μονὴν
843 1836 916 1892 τὴν
929 1836 1106 1893 Ἐφόρου

305 1901 346 1945 ἕν
366 1920 443 1945 τινι
462 1903 679 1946 κατέθεντό
699 1922 802 1955 τινες
814 1906 968 1963 χωρίῳ.

306 1969 519 2013 ὄπτάνεται
541 1973 585 2014 δὲ
605 1978 724 2027 σῶμα
745 1974 860 2016 τοῦδ’
885 1971 1100 2031 ᾑρημένοις

305 2039 525 2096 ἀκραιφνὲς
549 2039 759 2101 ἀλώβητον
783 2041 899 2084 εἷσὲτι
921 2042 1054 2096 με’νον.

170 2214 246 2247 hem
271 2214 458 2260 pudorem!
506 2214 645 2260 quidam
673 2220 808 2251 acutum
842 2216 993 2261 gladium
1025 2226 1091 2260 per
1113 2219 1232 2259 guttur
1253 2213 1346 2258 egit,
1377 2214 1465 2250 alius
1491 2214 1639 2251 Latinus

170 2259 329 2303 podicem
365 2273 450 2296 ense
479 2261 588 2296 fodit:
635 2262 755 2296 Latini
790 2274 876 2296 vero
910 2262 1175 2296 circumstantes
1201 2259 1326 2304 reliqui
1351 2261 1477 2303 (5575)
1512 2261 1640 2306 gladiis

170 2306 361 2341 caedebant
395 2307 555 2341 miserum
587 2307 827 2352 corpusculum
855 2307 1077 2352 ingeminatis
1109 2305 1329 2340 continenter
1350 2306 1498 2350 ictibus,
1531 2319 1639 2353 spon-

170 2351 270 2384 sione
303 2352 399 2387 velut
428 2359 545 2388 mutua
574 2353 644 2387 utri
674 2353 809 2388 acutius
844 2354 1003 2388 acinaces
1037 2351 1184 2386 ferirent
1206 2352 1441 2396 experientes.
1487 2353 1542 2386 sic
1565 2353 1639 2387 An-

171 2396 336 2432 dronicus
359 2398 396 2432 in
419 2398 600 2445 suppliciis
622 2399 758 2433 luctans
782 2399 907 2443 (5580)
942 2399 978 2432 ἰη
1009 2403 1178 2442 tantoque
1206 2397 1418 2432 cruciatuum
1443 2398 1529 2432 mari
1551 2409 1638 2432 nau-

171 2442 292 2486 fragus
323 2443 484 2488 spiritum
514 2444 585 2479 sibi
616 2444 790 2478 violenter
814 2449 949 2489 raptum
973 2443 1009 2477 in
1029 2441 1216 2477 columellis
1239 2442 1308 2477 illis
1330 2443 1455 2477 effudit
1475 2443 1639 2488 turpiter.

172 2493 279 2532 atque
300 2488 391 2523 hunc
413 2490 551 2535 imperii
583 2489 750 2534 vitaeque
778 2490 879 2524 finem
905 2489 1027 2524 habuit
1048 2489 1148 2522 homo
1172 2499 1417 2531 aerumnosus,
1456 2495 1639 2534 postquam

172 2532 408 2578 imperaverat
430 2536 554 2579 (5585)
574 2536 715 2571 biennio
739 2535 816 2569 fere
839 2541 1020 2569 stemmate
1044 2534 1242 2578 revinctus,
1276 2546 1345 2568 uno
1369 2540 1552 2580 praeterea
1574 2535 1639 2568 do-

172 2578 321 2613 minatus
345 2592 435 2615 anno
459 2583 592 2627 absque
613 2592 743 2616 corona
770 2588 806 2614 et
825 2592 1002 2625 purpurae
1025 2581 1166 2614 decore.
1213 2584 1290 2614 erat
1309 2580 1341 2614 is
1362 2579 1507 2624 egregia
1529 2581 1640 2614 forma

172 2625 352 2670 corporis,
378 2628 591 2670 proceritate
613 2626 793 2673 praeditus
816 2626 978 2668 heroica,
1002 2626 1127 2669 (5590)
1152 2629 1297 2670 augusta
1323 2625 1415 2659 facie
1438 2630 1475 2659 et
1496 2636 1641 2670 prorsus

172 2670 390 2715 admirabili,
413 2673 685 2718 praevalidaque
708 2677 808 2706 utens
831 2672 1045 2705 valetudine.
1092 2677 1175 2716 post
1203 2671 1338 2715 aliquot
1359 2676 1474 2704 autem
1496 2670 1572 2704 dies
1595 2671 1640 2704 de

172 2717 360 2761 suspendio
389 2718 582 2753 detractum
618 2718 692 2752 eius
723 2718 875 2751 cadaver
909 2718 945 2750 in
980 2717 1126 2762 quodam
1162 2715 1266 2751 stadii
1298 2716 1434 2749 fornice
1457 2715 1533 2749 sine
1555 2727 1640 2750 cura

172 2762 363 2806 proiectum
389 2762 518 2807 iacuit,
546 2764 675 2807 (5595)
705 2764 816 2798 donec
839 2762 882 2796 ad
906 2762 1043 2807 Ephori
1067 2762 1205 2796 tandem
1231 2761 1473 2796 monasterium
1497 2772 1638 2805 compo-

172 2814 316 2843 suerunt
347 2808 485 2852 quidam
517 2809 553 2844 in
586 2809 687 2844 brevi
718 2808 850 2853 loculo,
885 2808 944 2843 ubi
968 2807 1080 2842 adhuc
1099 2819 1224 2854 corpus
1247 2812 1425 2854 spectatur
1448 2817 1469 2840 a
1491 2805 1639 2852 cupidis,
