1786 3080
188 155 286 202 246
735 157 1087 202 EPHRAEMIUS

189 270 301 311 5990
325 267 367 309 ἐν
388 271 443 325 τῷ
468 265 624 319 μέλλειν
647 267 690 310 δὲ
711 268 810 325 πρὸς
831 269 996 323 πατρίδ’
1020 269 1175 313 ἀπιέναι

326 336 416 392 ῥηγὶ
437 334 606 393 Κύπρον
627 337 773 380 δέδωκε
792 342 863 388 τῆς
883 339 1159 393 Παλαιστίνης

328 407 447 446 οἰκεῖν
464 421 506 446 τε
523 401 692 459 ταύτην,
729 408 763 448 εἴ
780 406 929 460 σχολὴν
947 406 1031 460 ἄγει
1049 406 1196 461 μάχης,

328 474 395 515 καὶ
415 470 607 528 κυριεύειν
627 475 692 514 καὶ
712 481 869 530 κρατεῖν
888 479 958 528 τῆς
979 476 1169 530 Κυπρίων

330 539 385 590 ὡς
405 538 477 582 ὕπ’
502 541 649 582 ἐκείνου
671 544 1018 597 προσνεμηθείσης
1035 541 1156 600 πόθῳ

196 609 304 652 5995
330 606 528 665 ζωηφόρῳ
550 607 727 662 μνήματι
750 615 807 667 τῷ
827 614 898 652 τοῦ
921 611 1060 665 κυρίου

329 679 394 719 καὶ
415 679 691 733 συναφθείσης
709 685 791 727 τοῖς
807 678 917 733 ὅροις
936 680 1225 732 Παλαιστίνης.

403 744 551 800 ὟΑγων
567 745 751 800 μετάγων
768 747 944 801 συγχέων
960 748 1216 801 μετατρέπων

332 810 571 868 ἀνθρώπινα
592 813 686 855 θεῖά
706 831 748 856 τε
769 814 985 871 πράγματα
1005 814 1181 870 κράτωρ,

331 874 399 922 aa}
421 884 739 938 δραματουργῶν
757 881 812 932 ὡς
833 881 996 925 δέδοκτό
1016 883 1053 924 οἳ
1075 882 1199 941 μόνῳ,

196 949 308 990 6000
333 948 458 999 εὐθὺς
478 950 634 1005 ἐρείσας
651 950 720 992 τὸν
739 950 847 992 πόδα
866 952 1091 1008 κραταρχίᾳ

335 1017 405 1059 τὸν
426 1017 678 1072 πατριάρχην
694 1022 766 1060 τοῦ
783 1018 936 1075 θρόνου
955 1016 1152 1073 παραλύει

335 1085 406 1126 τὸν
425 1086 677 1142 Καματηρὸν
693 1089 907 1129 Βασίλειον
926 1087 1086 1136 ἀδίκως,

335 1153 407 1195 τὸν
428 1152 678 1208 Μουντάνην
696 1156 738 1196 δὲ
756 1154 937 1209 Νικήταν
953 1153 1186 1210 ἀντεισάγει,

334 1221 600 1275 τριπέμπελόν
620 1239 661 1264 τε
684 1225 750 1264 καὶ
766 1222 902 1280 χρόνῳ
924 1225 1173 1279 παρειμένον.

203 1290 314 1332 6005
341 1283 462 1347 οὗπερ
483 1291 703 1345 καταγνοὺς
723 1291 909 1348 ἀφέλειαν
930 1292 1072 1333 αὐτίκα

341 1357 490 1400 ἄκοντα
509 1357 730 1414 κατήγαγεν
750 1360 859 1415 ἱεροῦ
878 1358 1046 1415 θρόνου,

343 1427 413 1467 καί
429 1444 518 1468 τινα
537 1427 738 1469 Λεόντιον
757 1426 1028 1483 ἐγκαθιδρύει,

342 1492 473 1550 ἄνδρα
497 1494 722 1548 μοναστήν,
757 1496 902 1551 ἀρετῆς
925 1494 1007 1537 ὅντ’
1034 1494 1225 1550 ἓργάτην·

344 1560 389 1602 ὃν
407 1564 509 1618 τῷδε
531 1565 657 1612 δεῖξαι
675 1563 747 1616 τὴν
767 1564 1031 1617 ἀπείρανδρον
1049 1561 1171 1616 κόρην

209 1631 321 1671 6010
344 1629 493 1685 ἔφασκε
513 1631 653 1680 νυκτὸς
677 1630 880 1686 συλλόγων
901 1631 1194 1685 ἠθροισμένων,

346 1696 450 1747 εἶδός
465 1715 507 1739 τε
521 1703 660 1753 κλῆσιν
678 1699 820 1754 ἀρετὴν
837 1699 948 1740 τοῦδ’
972 1697 1168 1752 εὐστόχως

343 1764 457 1820 μάλα
478 1765 768 1822 διαγράψασαν
788 1766 842 1816 ὡς
862 1768 902 1807 ἐν
924 1766 1056 1808 εἰκόνι.

350 1832 455 1875 ἀλλά
476 1851 517 1889 γε
540 1837 606 1876 καὶ
628 1834 739 1877 τόνδ’
765 1833 975 1877 ἀπελαύνει
997 1838 1069 1877 τοῦ
1090 1834 1258 1891 θρόνου,

350 1901 481 1944 πάντα
502 1903 683 1959 παριδὼν
702 1904 751 1945 τὰ
772 1902 1108 1960 προηγορευμένα,

215 1970 326 2011 6015
350 1969 570 2023 μετάθεσιν
589 1971 632 2012 δὲ
651 1973 952 2027 ὃραματουργεΐ
966 1971 1174 2024 ποιμένος·

352 2037 576 2094 ἆρχεθύτην
599 2039 676 2095 γὰρ
697 2043 770 2094 τῆς
792 2039 898 2081 Σιών
918 2044 988 2094 τῆς
1010 2037 1137 2094 ἁγίας,

219 2166 337 2201 hebet.
391 2167 516 2210 (5990)
550 2178 668 2201 verum
701 2168 739 2202 in
769 2168 916 2214 patriam
951 2178 1156 2203 reversurus
1189 2170 1311 2211 postea
1343 2165 1497 2210 Cyprum
1531 2164 1677 2200 donavit

219 2212 420 2247 Palaestino
452 2213 549 2257 regi,
584 2219 622 2247 ut
644 2213 714 2247 illic
737 2215 835 2259 pacis
856 2221 1012 2259 tempore
1037 2214 1139 2247 vitam
1163 2213 1305 2255 degeret
1328 2217 1363 2244 et
1385 2212 1595 2255 Cypriorum
1617 2223 1674 2245 re·

222 2269 299 2301 gem
329 2269 369 2292 se
396 2264 556 2303 gereret,
593 2259 688 2303 quod
716 2260 786 2305 ipsi
816 2271 958 2304 regnum
989 2259 1113 2293 tribuit
1143 2258 1269 2291 affectu
1292 2256 1351 2301 pio
1384 2257 1510 2300 (5995)
1532 2262 1676 2302 propter

223 2303 400 2338 vivificum
424 2304 554 2338 domini
575 2304 789 2349 sepulcrum,
812 2307 892 2349 quia
915 2316 1023 2349 prope
1046 2303 1266 2338 Palaestinae
1288 2304 1374 2335 fines
1395 2307 1485 2336 erat.

314 2350 457 2383 Interim
498 2350 689 2394 imperator
726 2362 855 2394 susque
893 2351 1006 2396 deque
1039 2350 1182 2395 agebat,
1227 2355 1351 2381 cuncta
1380 2348 1526 2381 humana
1555 2353 1592 2381 et
1623 2346 1678 2380 di·
1728 2354 1733 2357 ’

224 2393 307 2427 vina
339 2396 475 2438 ferens,
507 2396 668 2439 rapiens,
702 2402 930 2439 commutans,
966 2401 1006 2429 ut
1037 2395 1078 2428 fit
1107 2394 1145 2427 in
1175 2394 1308 2436 scenis,
1343 2405 1407 2438 pro
1432 2404 1495 2427 suo
1519 2391 1677 2436 arbitrio,

224 2440 346 2483 (6000)
379 2452 510 2475 summa
540 2442 651 2475 fretus
677 2446 864 2485 potestate.
912 2441 996 2475 sede
1021 2439 1151 2474 deiecit
1171 2439 1302 2472 iniusta
1323 2437 1497 2472 sententia
1515 2438 1681 2471 Camate-

227 2495 300 2517 rum
334 2486 498 2520 Basiliam
526 2487 778 2532 patriarcham,
814 2487 1061 2531 substituitque
1084 2485 1244 2519 Nicetam
1265 2484 1464 2518 Montanum
1485 2482 1543 2517 vel
1567 2483 1683 2527 potiu-

228 2529 477 2574 depontanum‚
512 2532 705 2566 confectum
733 2532 853 2574 senio3
886 2533 1009 2574 (6005)
1033 2542 1133 2576 quem
1157 2541 1236 2563 mox
1260 2530 1462 2574 despectum
1483 2529 1528 2562 ob
1549 2527 1682 2573 inepti-

228 2575 383 2609 tudinem
416 2577 609 2621 pontificali
639 2577 785 2612 invitum
808 2578 939 2611 honore
963 2577 1070 2611 exuit.
1118 2587 1223 2621 porro
1243 2574 1428 2608 Leontium
1451 2574 1622 2618 quendam
1644 2573 1683 2607 in

230 2620 315 2653 sede
349 2622 465 2664 posuit
494 2623 694 2658 monachum
717 2629 755 2658 et
777 2622 899 2657 virtuti
929 2627 1111 2656 navantem
1134 2631 1292 2666 operam,
1324 2631 1424 2665 quem
1447 2619 1517 2653 sibi
1539 2619 1683 2653 demon-

228 2669 375 2700 stratum
410 2678 432 2700 a
465 2675 586 2703 sancta
616 2669 753 2713 virgine
783 2669 911 2711 (6010)
942 2674 1047 2702 noctu
1073 2659 1263 2701 affirmavit
1282 2666 1319 2699 in
1342 2664 1480 2710 publica
1503 2663 1683 2706 concione,

229 2710 367 2754 sibique
401 2723 524 2747 nomen
554 2714 630 2748 eius
661 2715 825 2748 virtutem
856 2714 998 2747 sormam
1029 2712 1237 2756 descriptam
1270 2722 1348 2744 esse
1376 2710 1521 2744 caelitus
1553 2720 1616 2743 ceu
1645 2709 1683 2742 in

229 2756 360 2790 tabula.
407 2763 641 2794 verumtamen
663 2760 755 2793 hunc
776 2770 914 2804 quoque
939 2758 1026 2792 solio
1047 2757 1191 2804 pepuist,
1213 2756 1313 2801 pensi
1336 2767 1405 2789 non
1429 2755 1558 2788 habens
1583 2753 1682 2798 quie·

230 2801 313 2844 quid
346 2807 427 2837 ante
459 2804 608 2840 dixerat.
655 2805 777 2850 (6015)
809 2805 974 2850 deinceps
1005 2815 1089 2838 vero
1123 2807 1295 2848 pastorem
1324 2800 1517 2836 transferre
1547 2800 1684 2835 maiust:
