1786 3080
193 129 292 178 238
747 132 1102 182 EPHRAEMIUS

192 246 305 288 5780
326 240 462 287 τοιάδε
481 244 599 295 θείας
617 244 660 295 ἐξ
679 245 884 297 ἐπιπνοίας
901 244 1008 302 τάχα

328 313 455 368 λέγειν
474 311 721 374 ὑπηγόρευον
742 313 878 366 αὐτοῖς
899 319 955 366 εἰς
976 315 1108 365 ὅλους,

329 379 391 423 ὅτι
414 381 511 432 θεὸς
533 384 696 425 Μυσῶν
715 400 756 425 τε
779 383 1027 440 Βουλγάρων
1048 384 1186 440 γένους

327 450 561 504 ἐλευθερίαν
579 450 754 503 εὐδοκεῖ,
790 454 909 507 ζυγοῦ
927 451 1063 495 λύσιν·

330 518 448 560 ταῦτ’
473 518 552 574 ἄρα
573 523 700 562 λιπεῖν
721 521 788 562 καὶ
810 519 1049 578 Δημήτριον
1067 519 1194 576 μέγαν

193 589 302 630 5785
331 587 630 642 Θεσσαλονίκην
648 590 715 632 καὶ
734 588 810 631 νεὼ
830 588 976 640 κάλλος
994 589 1107 640 ξένου

327 653 541 710 διατριβάς
558 673 599 698 τε
617 654 843 710 Ῥωμαϊκὰς
862 656 1070 708 καθάπαξ,

327 724 461 766 ἐλθεῖν
483 725 584 780 πρὸς
607 724 754 775 αὐτοὺς
774 725 1090 781 συμμαχήσοντα
1110 727 1246 782 σφίσι·
1284 750 1290 753 2

323 793 483 846 μέλλειν
506 793 551 836 τὸ
573 793 713 835 λοιπὸν
734 794 829 836 οὐδὲ
849 794 1066 851 βραδύνειν
1087 794 1158 844 ε’νι,

323 861 455 917 χρεὼν
479 862 523 903 δὲ
543 868 661 904 κινεῖν
679 862 783 904 κατὰ
797 860 1006 917 Ῥωμαίων
1025 862 1145 913 ὅπλα,

191 931 303 973 5790
327 929 504 984 ἀνηλεῶς
525 931 686 972 κτείνειν
705 948 747 972 τε
769 929 935 981 τούτους
955 933 995 973 ἓν
1014 929 1140 988 μάχῃ,

327 999 489 1054 ζωγρεῖν
508 999 551 1040 δὲ
567 999 715 1053 μηδέν,
747 1000 850 1053 μηδ’
876 1001 939 1042 ἐπὶ
960 999 1120 1055 λύτροις
1138 997 1258 1043 λύειν.

326 1067 483 1109 τοιαῦτ’
509 1065 796 1123 ἀνακράζοντες
817 1068 855 1109 οἶ
875 1066 1100 1124 θεοπρόποι

325 1133 461 1177 ὅπλων
478 1136 665 1191 γενέσθαι
687 1137 923 1179 κατέπεισαν
940 1135 1196 1194 βαρβάρους,

323 1205 390 1245 καὶ
414 1203 465 1245 τὰ
484 1203 577 1246 κατ’
599 1202 954 1259 ΑιῖιιυνῬωμαὶκὰ
969 1206 1103 1262 χωρία

189 1274 298 1314 5795
322 1273 574 1328 κατέδραμον
594 1271 805 1326 ξύμπαντα
824 1274 1020 1330 κείροντες
1039 1275 1125 1333 βίᾳ.

322 1341 484 1395 Πέτρος
503 1340 545 1382 δ’
573 1340 716 1383 ἀναδεῖ
730 1343 796 1383 καὶ
814 1346 957 1400 χρυσῷ
979 1342 1116 1398 στέφει
1135 1339 1265 1397 κάραν

324 1410 391 1450 καὶ
409 1413 615 1466 φοινικοῦν
631 1410 792 1451 πέδιλον
812 1410 971 1453 εἱλίσσει
990 1409 1132 1460 πόδας.

324 1475 423 1519 ὅθεν
445 1477 539 1520 κατ’
564 1477 696 1520 αὐτῶν
718 1476 1054 1534 ἐκστρατεύσαςὸ
1077 1477 1240 1538 κράτωρ

324 1545 522 1601 ἐτρέψατο
542 1550 652 1602 σφᾶς
671 1548 737 1588 καὶ
759 1547 898 1601 τίθησι
919 1544 1118 1603 φυγάδας.

188 1615 300 1655 5800
319 1613 440 1656 'Amba
458 1615 502 1655 δὲ
519 1614 703 1669 Πέτρος,
733 1615 876 1664 κακίας
896 1614 1127 1670 ἀρχηγέται,

313 1681 472 1738 Ἴστρον
491 1684 742 1735 διαβαίνουσι
761 1683 834 1725 σὺν
854 1681 1102 1732 ἀποστάταις

322 1751 389 1792 καὶ
411 1750 623 1803 συνεῇιιιξαν
640 1748 869 1807 βαρβάροις
887 1753 1156 1807 παριστρίοις·

322 1817 424 1868 ι’ίναξ
448 1818 489 1859 δ’
518 1819 699 1860 ἐπελθεῖν
722 1821 891 1869 Μυσίας
909 1817 1042 1874 πάσης
1058 1818 1180 1874 Sporg-

321 1888 389 1928 καὶ
412 1887 463 1929 τὰ
485 1887 579 1929 κατ’
605 1887 731 1942 αὐτὴν
755 1882 798 1930 εὖ
819 1888 1043 1930 διαθέσθαι
1067 1887 1172 1931 πάνυ

189 1955 299 1998 5805
323 1959 372 2012 τῇ
394 1954 654 1998 κωλυσόντων
672 1954 821 2009 ἰσχύων
837 1957 998 2015 ἐρημία,

321 2028 503 2067 τοιοῦτον
525 2024 642 2067 οὐδὲν
661 2019 769 2067 ὦπτο
790 2025 1136 2081 κατειργασμένος,

188 2153 314 2196 (5780)
347 2157 454 2198 atque
484 2152 538 2186 his
568 2152 772 2187 mandarunt
794 2159 834 2188 ut
857 2158 1019 2198 tanquam
1053 2153 1215 2200 inspirati
1238 2152 1289 2186 sic
1310 2152 1536 2197 loquerentur
1558 2152 1651 2186 inter

189 2198 459 2242 multitudinem,
503 2199 604 2232 deum
645 2197 815 2241 Bulgaros
854 2207 960 2244 atque
993 2199 1135 2234 Moesos
1169 2200 1205 2233 in
1237 2199 1432 2233 libertatem
1467 2199 1650 2233 vindicare

188 2243 300 2287 velle;
334 2250 521 2291 propterea
545 2244 754 2278 Demetrium
778 2256 916 2289 quoque
939 2257 1095 2290 magnum
1119 2245 1244 2289 (5785)
1267 2244 1552 2279 Thessalonicam
1573 2255 1648 2278 cum

188 2302 250 2324 suo
291 2290 418 2336 templo
458 2289 588 2334 insigni
618 2295 723 2335 atque
754 2291 924 2325 Romanos
957 2292 1173 2325 deserentem
1204 2290 1306 2325 sedes
1341 2291 1407 2324 huc
1436 2290 1650 2334 demigrasse

188 2347 289 2380 opem
311 2336 506 2370 allaturum.
542 2347 650 2380 quare
672 2336 739 2368 iam
761 2347 855 2370 mora
878 2337 1037 2381 protinus
1060 2338 1207 2381 abrupta
1228 2336 1333 2370 armis
1359 2337 1531 2372 Romanos
1555 2346 1649 2369 com-

189 2382 290 2415 motis
314 2387 532 2427 appeterent,
557 2382 680 2424 (5790)
704 2392 834 2426 eosque
859 2381 895 2415 in
920 2382 1053 2428 proelio
1077 2383 1153 2416 sine
1175 2382 1279 2416 venia
1303 2382 1515 2424 occiderent,
1539 2380 1650 2415 nemi-

189 2438 265 2460 nem
290 2428 406 2461 vivum
430 2427 543 2473 pretio
566 2427 792 2461 dimitterent.
828 2427 914 2461 haec
936 2427 1159 2462 inclamantes
1181 2427 1347 2462 Bacchici
1369 2427 1478 2462 divini
1501 2437 1648 2472 persua-

188 2479 310 2506 serunt
331 2473 490 2507 barbaris
515 2478 553 2507 ut
576 2483 669 2506 arma
692 2479 878 2517 caperent3
915 2474 976 2518 qui
1007 2475 1195 2508 Romanam
1218 2473 1390 2507 dicionem
1413 2473 1458 2507 ad
1479 2473 1649 2506 Haemum

188 2518 289 2551 sitam
314 2520 439 2562 (5795)
463 2524 756 2553 concursaverunt
778 2523 883 2552 totam
905 2519 1124 2564 diripientes.
1160 2519 1286 2554 Petrus
1310 2519 1393 2564 quin
1415 2517 1518 2552 etiam
1541 2528 1648 2552 aurea

189 2575 318 2597 corona
352 2571 457 2608 caput
488 2564 618 2607 vinxit,
655 2569 690 2598 et
722 2564 830 2607 pedes
862 2564 987 2599 calceis
1018 2565 1217 2611 purpureis,
1265 2565 1328 2599 hos
1353 2575 1436 2608 ergo
1459 2573 1648 2608 aggressus

187 2609 292 2643 armis
325 2610 513 2654 imperator
545 2609 676 2656 proelio
709 2609 822 2643 victos
858 2610 1022 2655 compulit
1050 2611 1086 2644 in
1119 2611 1248 2655 fugam.
1294 2610 1419 2654 (5800,
1443 2610 1536 2643 Asan
1561 2619 1647 2642 vero

187 2654 404 2700 Petrusque‚
436 2661 596 2689 auctores
626 2654 790 2697 sceleris,
824 2656 915 2689 Istro
950 2656 1150 2691 transmisso
1177 2667 1252 2690 cum
1275 2656 1347 2690 suis
1371 2655 1558 2689 rebellibus
1583 2653 1647 2688 ad-

187 2699 333 2734 iunxere
354 2712 393 2734 se
415 2702 574 2735 barbaris
597 2700 665 2734 loci
689 2700 829 2734 accolis.
863 2702 995 2735 Caesar
1019 2714 1093 2736 cum
1118 2708 1239 2747 posset
1259 2701 1457 2736 universam
1478 2698 1647 2733 Moesiam

188 2756 392 2792 percurrere
415 2754 580 2792 recteque
603 2758 676 2780 eam
701 2757 926 2791 componere,
955 2747 1078 2789 (5805)
1101 2747 1262 2791 quoniam
1286 2746 1442 2790 nuspiam
1466 2745 1646 2790 quisquam

188 2791 395 2836 resistebat,
429 2793 514 2828 utile
537 2792 622 2827 nihil
647 2792 691 2828 ad
714 2792 853 2828 tutelam
875 2793 1065 2838 praestitit.
1112 2793 1330 2828 inflammatis
1352 2792 1460 2837 igitur
1483 2789 1648 2826 frumenti
