1786 3080
262 127 360 177 412
812 133 1164 181 EPHRAEMIUS

429 244 495 286 καὶ
514 245 607 301 τῇδε
628 244 801 299 δειχθεὶς
819 248 883 289 καὶ
902 252 1028 304 μονῆς
1047 247 1277 305 ἐπιστάτης·

430 311 513 355 εἶθ’
538 311 747 368 ἡσυχάζων
767 316 833 357 καὶ
859 319 946 374 θεῷ
966 317 1223 374 προσανέχων

430 381 472 423 ἓν
491 380 809 433 Ἀπολλωνιάδος
833 382 1085 440 ἄσκητηριόις

264 451 399 493 10280
428 448 574 507 ἀφῖκτο
594 453 759 505 κληθεὶς
777 453 832 501 εἷς
850 450 965 494 πόλιν
983 453 1168 496 Νικαέων

427 517 528 574 πρὸς
546 523 618 560 τοῦ
639 523 878 575 κρατοῦντος
897 519 1097 564 Αὐσόνων
1121 521 1350 581 Θεοδώρου,

427 587 493 628 καὶ
514 584 643 629 πάντα
663 587 832 641 βαθμὸν
851 587 1002 640 ἀνύσας
1015 590 1223 646 ἐκκλησίας

427 656 482 705 εἷς
498 653 608 708 ὕψος
625 654 737 712 ᾔρθη
757 659 1040 714 ποιμεναρχίας
1056 660 1173 716 μέγα.

506 722 776 780 Λῦθαιρὲτως
797 723 941 768 τούτου
963 727 1007 769 δὲ
1026 727 1210 781 λιπόντος
1228 727 1393 786 θρόνον,

261 793 395 836 10285
425 794 531 847 μονῇ
550 791 593 833 δὲ
611 790 734 834 αὗτὸν
754 792 907 849 εὖαγῶς
925 793 1157 848 δεδωκότος,

350 855 362 864 ’
426 858 662 917 Νικηφόρος
683 859 882 918 πρόεδρος
900 860 956 905 ὢν
969 862 1164 920 Ἐφεσίων

425 928 639 984 προεδρίαν
657 928 795 985 εἴληφε
812 933 885 984 τῆς
900 932 1220 986 Κωνσταντίνου,

425 994 470 1046 ὃς
489 995 740 1052 ἄρχιλευίτης
759 999 852 1054 πρὶν
872 993 921 1053 ἦν
942 1001 1152 1052 παλατίου,

424 1064 525 1121 ἀνὴρ
545 1063 737 1122 ἀμεμφής
743 1096 756 1116 ,
786 1066 989 1122 παρθένος
1007 1068 1076 1111 διὰ
1092 1069 1201 1122 βίου.

258 1135 394 1177 10290
505 1131 664 1176 Τούτου
683 1132 992 1188 τελευτήσαντος
1007 1137 1048 1178 ἓν
1066 1140 1258 1201 προεδρίᾳ

417 1200 616 1258 Ἀρσένιος
639 1199 861 1257 πρώτιστος
881 1203 1158 1259 ἀπολαμβάνει

424 1274 496 1324 τῆς
515 1271 726 1322 βασιλίδος
745 1270 856 1326 ἱερὰν
874 1274 1100 1328 προεδρίαν.

422 1338 655 1393 καθαιρέσει
673 1336 818 1381 τούτου
839 1340 882 1381 δὲ
899 1342 1209 1397 καθυπηγμένου

420 1406 522 1461 πρὸς
543 1412 820 1463 ποιμεναρχῶν
839 1410 906 1450 καὶ
931 1411 1129 1452 δικαστῶν
1150 1415 1230 1454 τῶν
1253 1412 1356 1465 τότε,

257 1476 391 1517 10295
424 1472 496 1516 εἶτ’
522 1474 794 1526 ἀπελαθέντος
813 1493 855 1518 τε
877 1481 949 1531 τῆς
968 1477 1188 1533 ἐκκλησίας,

423 1544 478 1592 εἷς
497 1541 776 1598 Προικόνησον
797 1543 839 1585 δ’
862 1545 1115 1599 ἀπαχθέντος
1130 1550 1285 1602 νησίδα,

422 1614 493 1664 τῆς
512 1610 725 1666 Ἀδριανοῦ
744 1613 953 1666 Γερμανὸς
977 1613 1201 1669 ἅρχιθῦτης

418 1679 633 1731 μεταθέσει
656 1679 828 1720 δίδεικτο
851 1682 917 1721 καὶ
939 1682 1194 1732 Βυζαντίδος.

505 1745 662 1788 Τούτου
685 1746 924 1802 παραιτήσει
949 1749 992 1790 δὲ
1016 1748 1199 1801 λιπόντος
1219 1749 1371 1807 θρόνον

254 1815 390 1856 10300
420 1813 522 1871 ἀνὴρ
543 1811 692 1871 Ἰωσήφ
703 1846 715 1865 ,
744 1815 986 1870 ὄρθοδοξιάς
1005 1821 1162 1869 στῦλος,

469 1944 581 1979 10300
602 1943 704 1978 immo
727 1943 921 1979 schismatis
945 1945 1202 1991 tenacissimus,
1226 1951 1331 1993 atque
1354 1945 1480 1981 iccirco
1499 1957 1521 1980 a
1538 1945 1709 1980 Michaele

466 1988 676 2034 Palaeologo
718 1990 927 2035 imperatore
958 1992 1041 2025 sede
1075 1991 1224 2037 eiectus,
1273 1993 1352 2038 quia
1392 1992 1599 2026 concordiae
1632 2002 1708 2025 cum

470 2035 617 2069 ecclesia
649 2036 827 2079 Romana,
861 2047 960 2080 quam
992 2038 1191 2082 praedictus
1225 2038 1418 2084 imperator
1449 2037 1706 2080 conciliaverat,

466 2081 686 2116 subscribere
709 2081 832 2118 noluit.
865 2083 915 2116 M.

250 2193 467 2228 monasteriis
499 2198 624 2239 postea
653 2193 853 2229 totonderat
879 2194 1036 2241 capillum
1062 2199 1098 2229 et
1118 2195 1228 2229 abbas
1250 2195 1384 2236 fuerat,
1419 2205 1510 2229 nunc
1530 2193 1707 2230 solitarius

250 2239 309 2275 uni
334 2241 399 2274 deo
423 2242 571 2275 vacabat
591 2240 628 2274 in
650 2239 890 2285 Apolloniadis
913 2239 1008 2275 urbis
1032 2239 1231 2282 asceteriis3
1270 2239 1418 2284 (10280)
1448 2251 1518 2285 quo
1549 2246 1706 2285 tempore

249 2287 414 2320 Nicaeam
437 2284 506 2320 fuit
528 2285 660 2320 accitus
682 2297 703 2319 a
725 2285 911 2320 Theodoro
935 2287 1088 2321 Caesare
1110 2287 1286 2327 Romano3
1321 2285 1380 2319 ubi
1401 2285 1549 2332 expletis
1572 2284 1706 2319 cunctis

250 2331 418 2366 ecclesiae
439 2331 605 2376 gradibus
629 2331 674 2366 ad
695 2342 858 2365 summum
881 2331 1098 2367 hierarchiae
1119 2331 1281 2378 pervenit
1299 2330 1446 2375 apicem.

339 2377 426 2410 Cum
450 2383 563 2412 autem
587 2382 710 2423 sponte
733 2376 923 2412 dimisisset
945 2378 1091 2422 pedum,
1130 2377 1275 2421 (10285)
1308 2375 1530 2411 monasticam
1553 2374 1705 2421 quietem

248 2423 307 2468 pie
339 2428 520 2468 repetens,
556 2423 599 2457 ad
627 2421 855 2467 Byzantinum
887 2423 1028 2458 transiit
1050 2422 1318 2469 patriarchatum
1341 2420 1573 2468 Ephesiorum
1594 2420 1705 2456 Nice-

247 2469 376 2513 phorus
401 2469 701 2514 archiepiscopus,
731 2468 792 2512 qui
815 2468 894 2503 olim
917 2468 1037 2514 palatii
1061 2470 1176 2504 fuerat
1201 2467 1508 2513 archipresbyter,
1537 2466 1704 2501 innocens

248 2514 326 2558 vir,
350 2520 538 2558 perpetuus
562 2513 779 2560 parthenius.

338 2560 488 2603 (10290)
518 2560 634 2605 Atque
657 2559 723 2593 hoc
746 2559 861 2593 sedem
885 2570 960 2593 cum
985 2559 1060 2593 vita
1082 2558 1286 2601 deserente,
1315 2557 1482 2592 Arseuius
1505 2556 1635 2602 primus
1657 2554 1704 2589 li-

247 2605 390 2639 beratae
416 2605 509 2639 urbis
534 2616 670 2640 sacrum
692 2605 916 2649 recuperavit
938 2605 1183 2649 principatum.
1230 2604 1291 2637 sed
1326 2603 1415 2637 idem
1445 2608 1570 2648 postea
1591 2601 1703 2646 depo-

247 2649 334 2684 situs
368 2650 542 2684 sententia
575 2650 815 2697 episcoporum
847 2650 1060 2695 aliorumque
1090 2650 1260 2692 iudicum,
1307 2649 1457 2692 (10295)
1487 2646 1703 2692 ecclesiaque

246 2696 436 2730 abscedere
460 2700 622 2740 coactus,
657 2696 695 2730 in
717 2696 993 2730 Proeconnesum
1017 2696 1162 2731 insulam
1186 2696 1408 2740 deportatur,
1440 2695 1703 2737 Germanusque

245 2741 384 2788 praesul
409 2741 660 2787 Hadrianopoli
682 2741 869 2776 translatus
893 2746 948 2775 est
970 2741 1014 2776 ad
1036 2743 1156 2776 urbem
1179 2738 1415 2775 Constantini.

335 2787 462 2821 Verum
486 2788 662 2822 Germano
685 2786 869 2822 abdicante
890 2785 1073 2831 honorem,
1099 2786 1249 2832 (10300)
1271 2784 1460 2830 Iosephus,
1482 2786 1601 2818 rectae
1618 2780 1702 2817 reli-
