1786 3080
188 135 287 184 204
739 141 1092 189 EPHRAEMIUS

321 253 655 308 πρωτοσεβαστὸς
673 253 717 296 δ’
739 248 789 310 ἦν
808 252 929 298 πάλιν
948 257 1136 312 μισητεός

186 321 299 365 4890
320 322 387 362 καὶ
405 325 526 363 πᾶσιν
544 320 794 379 ἄπόστοργος
810 325 854 366 ἔκ
876 326 1137 381 δυσπραξίας,

322 387 379 439 ὡς
394 393 475 432 τῶν
491 389 594 431 καθ’
617 389 740 433 αὑτὸν
756 390 983 448 ὑπερόπτης
998 393 1206 449 τυγχάνων

319 459 385 500 καὶ
405 458 614 511 βασιλείας
631 458 781 514 ἀνέχων
797 460 872 510 τὰς
891 463 1132 518 φροντίδας·

319 525 435 568 οῦδὲν
450 525 528 581 γὰρ
546 524 651 581 ὗπῆν
671 531 744 582 τῆς
762 527 858 583 ὅλης
876 532 1124 586 κραταρχιάς

318 593 340 636 ὃ
358 594 416 649 μὴ
435 592 665 647 διεξήνυστο
686 598 805 638 τοῖδε
821 601 879 653 τῷ·
895 596 1044 653 κράτει.

181 661 294 707 4895
317 667 374 719 τῷ
389 679 448 704 τοι
466 662 568 719 πρὸς
580 661 831 719 Ἀνδρόνικον
847 664 985 707 ἅπασα
1002 665 1118 717 πόλις

317 731 482 780 ε’λπίδας
503 731 669 773 ἀνέτεινε
691 736 764 787 τῆς
781 734 994 788 σωτηρίας,

319 800 386 841 καὶ
405 796 517 840 τόνδ’
542 797 672 842 ἐκάλει
692 804 764 853 τῆς
782 803 1015 858 τυραννίδος
1032 800 1169 857 λῦτην,

317 869 385 909 καὶ
404 864 618 923 παρεκάλει
636 866 846 924 γράμμασι
865 871 1094 926 λαθριδιόις

313 936 387 989 τὴν
409 937 465 985 εἷς
485 934 780 988 βασιλεύουσαν
800 937 957 980 εἷσοδον
979 937 1094 980 πόλιν

181 1004 295 1047 4900
314 1008 590 1058 καταταχῆσαι
608 1005 763 1059 μηδένα
782 1004 1004 1057 δεδοικότα,

315 1071 408 1113 ἀλλ’
430 1069 611 1124 ὑπτίαις,
643 1070 666 1115 ὅ
687 1089 812 1130 φασι,
842 1075 981 1130 χερσὶν
1001 1074 1183 1129 ἀσμένως

313 1138 643 1182 ἄναπετασόντιον
661 1157 704 1196 γε
723 1143 826 1199 τῷδε
841 1141 916 1192 τὰς
932 1141 1072 1192 πύλας.

313 1206 335 1250 ὅ
359 1207 402 1250 δ’
425 1208 607 1261 ἀσμένως
623 1209 697 1263 μὲν
713 1211 779 1251 καὶ
797 1208 893 1252 τάδ’
913 1205 960 1265 ἦν
979 1211 1223 1265 δεδεγμένος,

316 1277 375 1318 ἀεὶ
399 1276 439 1317 δ’
461 1275 599 1332 ἐχώρει
618 1276 720 1334 πρὸς
737 1281 853 1335 σαφῆ
868 1278 1109 1334 τυραννίδα,

179 1343 290 1387 4905
309 1342 465 1401 χιῦραις
483 1344 603 1387 ε’πιιὺν
623 1347 831 1402 φρουρίοις
848 1363 890 1389 τε
909 1348 974 1388 καὶ
996 1345 1145 1396 τόποις.

313 1414 394 1454 ἐπεὶ
418 1413 458 1454 δ’
481 1413 623 1468 ἐπέστη
643 1416 709 1455 καὶ
732 1417 918 1456 Βιθυνῶν
934 1415 1087 1474 Νικαίιιι

313 1482 379 1522 καὶ
401 1478 517 1535 τήνδ’
543 1479 643 1523 ἑλεῖν
664 1480 851 1524 ἔσπευδεν
872 1480 1056 1535 αἱμύλοις
1076 1480 1223 1537 λόγοις,

313 1549 386 1590 οὒκ
407 1547 519 1602 ἴσχεν
540 1549 666 1591 αὐτοῦ
681 1556 765 1599 τοΐς
784 1548 918 1605 λόγοις
935 1551 1158 1605 πειθηνιάν,

312 1616 406 1658 ἀλλ’
427 1610 617 1673 ἐμφανῶς
633 1612 682 1670 ἦν
702 1617 913 1667 ἀτίνακτος
929 1616 1114 1666 ἀπάταις.

177 1684 287 1728 4910
311 1684 403 1725 ἀλλ’
428 1682 483 1734 ὥς
503 1685 711 1739 ἐπιβέβηκε
728 1689 801 1740 τῆς
814 1684 1075 1739 Νικομήδους

310 1753 377 1794 καὶ
397 1750 513 1807 τήνδ’
535 1751 786 1796 ἐπεσπάσατο
804 1753 907 1809 πρὸς
924 1756 1170 1809 συμμαχίαν,

309 1820 414 1874 μεθ’
437 1821 575 1876 ἱκανῆς
594 1821 760 1864 ἔσταλτο
782 1822 1016 1878 ταξιαρχίας

313 1889 534 1944 στρατηγὸς
549 1888 800 1945 Ἀνδρόνικος
811 1889 996 1945 Ἄγγελος
1016 1891 1132 1933 θέσιν

311 1956 414 2013 πρὸς
433 1957 744 2013 ἀντιπαράταξιν
763 1956 848 2011 ἅμα
866 1960 933 2000 καὶ
951 1956 1108 2013 μάχην·

179 2023 287 2067 4915
311 2025 356 2075 ὃς
375 2025 539 2084 ἓκτομίᾳ
559 2028 804 2080 συμπλακεὶς
817 2026 1083 2083 Ἀνδρονίκου,

397 2119 487 2155 4915
510 2119 577 2154 τοῦ
600 2117 825 2163 Ἀνδρονίκου
848 2121 882 2154 V

176 2200 294 2232 bastns
316 2197 354 2232 in
379 2197 460 2232 odio
483 2203 559 2232 erat
581 2198 709 2241 (4890)
728 2198 902 2243 vulgoque
922 2198 1140 2234 detestabilis
1163 2199 1208 2233 ob
1230 2201 1327 2233 actus
1349 2210 1443 2244 suos,
1468 2200 1629 2244 quoniam

175 2244 337 2278 mortales
369 2250 511 2278 cunctos
545 2243 763 2288 despiciebat
793 2245 931 2290 sibique
954 2245 1013 2278 uni
1036 2257 1109 2278 rem
1132 2244 1302 2290 publicam
1325 2245 1546 2280 vindicabat:
1581 2245 1629 2279 nil

175 2290 264 2323 enim
307 2296 384 2323 erat
422 2289 460 2323 in
498 2289 660 2323 universo
702 2288 848 2333 imperio
888 2291 982 2334 quod
1020 2290 1123 2323 huius
1162 2289 1326 2334 potestati
1367 2303 1436 2325 non
1475 2295 1628 2335 pareret.

175 2335 300 2378 (4895)
333 2346 442 2379 quare
472 2342 598 2369 cuncta
630 2335 830 2379 metropolis
864 2346 961 2380 spem
990 2335 1113 2369 salutis
1141 2334 1178 2369 in
1209 2335 1406 2370 Andronico
1437 2337 1629 2381 reponebat

175 2391 267 2424 uno,
299 2386 405 2424 atque
428 2380 519 2414 hunc
540 2380 736 2424 tyrannidis
759 2379 957 2424 appellabat
978 2380 1170 2423 vindicem,
1194 2386 1230 2415 et
1253 2380 1474 2416 clandestinis
1498 2381 1628 2415 invita-

176 2427 237 2459 bat
266 2424 380 2459 literis
413 2431 451 2460 ut
481 2427 524 2460 ad
557 2425 707 2470 regalem
731 2426 920 2459 adventare
945 2427 1064 2459 urbem
1087 2427 1214 2470 (4900)
1236 2427 1328 2460 omni
1350 2427 1504 2472 seposito
1525 2426 1628 2460 sesti-

175 2476 277 2504 naret
310 2477 420 2505 metu:
455 2483 531 2505 nam
563 2484 602 2506 se
630 2477 788 2515 prompto
822 2471 918 2505 cives
943 2471 1106 2505 dicebant
1125 2472 1241 2505 studio
1265 2473 1414 2506 urbanas
1436 2472 1486 2506 illi
1509 2477 1628 2516 portas

173 2522 368 2560 aperturos.
416 2516 479 2550 hos
503 2517 561 2551 ille
582 2516 745 2551 audiebat
767 2516 981 2561 perlibenter
1003 2517 1164 2560 nuntios,
1186 2518 1322 2562 iamque
1344 2519 1530 2552 affectabat
1554 2528 1628 2550 ma-

174 2561 303 2595 nifesto
334 2563 555 2605 tyrannidem
587 2562 712 2606 (4905)
740 2562 891 2596 castellis
923 2562 1130 2608 occupandis
1162 2574 1202 2596 ac
1229 2563 1434 2608 provinciis.
1480 2562 1629 2597 accessit

175 2606 279 2640 etiam
302 2606 457 2641 Nicaeae
482 2607 685 2652 Bithyniae,
714 2618 857 2652 eamque
880 2607 1016 2642 blandis
1039 2608 1191 2642 tentavit
1213 2609 1447 2642 sermonibus:
1484 2608 1545 2641 sed
1569 2607 1629 2641 illa

175 2652 294 2685 verbis
331 2652 468 2687 minime
504 2654 615 2698 gessit
658 2663 809 2694 morem,
859 2653 1004 2697 eiusque
1050 2654 1230 2688 fraudibus
1266 2654 1334 2688 fuit
1369 2652 1626 2698 insuperabilis.

176 2696 303 2740 (4910)
326 2698 388 2731 sed
411 2709 485 2732 cum
510 2698 752 2745 occupavisset
773 2698 1010 2732 Nicomediam
1032 2710 1176 2743 eamque
1196 2699 1268 2733 suis
1290 2699 1357 2733 iam
1380 2699 1539 2744 partibus
1562 2698 1627 2731 ad-

175 2741 365 2783 iunxisset3
401 2743 523 2777 missus
557 2751 612 2779 est
645 2755 720 2777 cuin
750 2743 843 2778 iusto
869 2744 1044 2788 copiarum
1072 2755 1211 2778 numero
1235 2745 1305 2778 dux
1326 2743 1542 2778 Andronicus
1565 2754 1627 2776 co—

174 2791 360 2833 gnomento
383 2787 550 2836 Angelus,
581 2795 620 2826 ut
640 2788 730 2825 bello
751 2794 876 2836 aperto
899 2789 1058 2824 hostibus
1082 2790 1284 2825 resista-etz
1319 2789 1444 2835 (4915)
1467 2788 1527 2833 qui
1550 2799 1626 2822 cum
