1786 3080
200 130 262 175 86
742 130 1091 174 EPHRAEMIUS

332 242 494 297 λέγοντα
513 240 693 298 Χριστὸν
710 242 883 299 Μαριάς
898 242 941 284 ἓκ
960 242 1165 298 παρθένου

331 311 487 364 μέλλειν
504 313 716 364 τεχθῆναι,
748 312 814 352 καὶ
829 311 928 353 θεὸν
943 314 1082 353 τοῦτον
1096 311 1240 364 σέβειν,

202 381 308 421 1885
332 379 395 420 ἐπὶ
418 377 459 420 δ’
483 375 662 420 ἀνάκτων
680 377 854 435 Εἰρήνης
869 379 1171 421 Κωνσταντίνου

331 443 452 488 πάλιν
476 447 571 488 ἰδεῖν
593 444 705 499 ἥλιον
728 445 850 488 αὐτὸν
872 446 1036 488 ἀκτῖσιν.

415 514 499 555 Καὶ
519 517 716 569 πυρκαϊᾶς
735 512 946 568 συμβάσης
962 514 1150 570 ὀλεθρίας

335 580 565 638 ἀνακτόρων
587 581 751 623 κέκαυτο
774 586 847 636 τῆς
869 582 1077 636 ἐκκλησίας

338 648 556 703 Θωμα“ι’·της
575 647 784 699 κάλλιστος
801 649 1027 706 ἕκλαμπρος
1043 647 1181 704 δόμος,

204 717 312 759 1890
338 715 382 764 ὃς
402 717 512 759 ἔνδον
531 715 631 770 εἶχεν
648 710 1036 772 ἔντεθησαυρισμένα

334 781 390 832 ὥς
408 784 638 833 Μωσαΐκιὶς
656 787 722 826 καὶ
739 783 997 841 θεογράφους
1015 782 1170 833 πλάκας

337 851 388 902 τὰ
402 850 693 910 χρυσογλώττῳ
716 853 856 909 πατέρι
873 852 1125 908 γεγραμμένα

337 919 461 961 σεπτά
482 918 754 974 σχεδιάσματα
772 926 933 978 γραφῆς
947 921 1102 971 ἐνθέου,

336 985 525 1044 ἕκφανσιν
545 986 760 1039 ἀνάπτυξιν
781 989 979 1042 αὐχοῦντα
1001 989 1127 1042 ξένην,

206 1054 312 1095 1895
339 1053 453 1097 ἅτινα
472 1056 762 1112 συμπέφλεκτο.
829 1061 906 1113 φεῦ
924 1061 994 1110 τῆς
1012 1056 1165 1110 ζημίας.

420 1124 503 1165 Καὶ
525 1125 663 1179 δρᾶμα
685 1123 917 1178 συνέστηκεν
938 1126 981 1166 ἐκ
1001 1124 1222 1178 σκευωρίας

338 1193 411 1243 τῆς
430 1208 471 1233 τε
493 1195 682 1247 στρατιᾶς
701 1193 766 1234 καὶ
787 1195 968 1247 λοχαγῶν
987 1189 1202 1247 ταγμάτων
1231 1191 1244 1196 ’

339 1258 379 1299 ἓν
398 1260 575 1312 βασιλίδι
593 1259 912 1302 συναλισθέντων
930 1258 1041 1302 πόλει

336 1327 440 1368 κατὰ
462 1326 712 1384 κρατούντων
731 1326 905 1383 Εἷρήνης
927 1324 1245 1374 Κωνσταντίνου,

204 1393 312 1434 1900
339 1391 476 1449 οἷσπερ
495 1396 771 1451 συνηρίθμητο
791 1397 857 1437 καὶ
875 1395 1062 1449 Μωσηλὲ
1076 1411 1150 1444 τις,

340 1462 441 1518 ἀνὴρ
460 1464 679 1518 στρατηγὸς
700 1463 827 1512 δεξιὸς
842 1463 943 1519 πρὸς
959 1461 1107 1517 μάχας,

342 1528 483 1571 ἄνακτ’
510 1530 677 1572 ἀνειπεῖν
693 1532 884 1586 Καίσαρα
902 1518 1154 1585 Νικηφόρον,

340 1602 414 1639 τοῦ
436 1598 739 1640 Κωνσταντίνου
758 1596 962 1654 πατρόθεν
981 1601 1094 1639 θεῖον
1111 1595 1256 1650 μέγαν·

342 1664 364 1706 ὃ
389 1665 582 1722 φωραθὲν
602 1666 777 1708 πέπαυκε
797 1665 870 1719 τὴν
889 1666 1116 1718 τυραννίδα,

210 1731 318 1774 1905
343 1737 421 1774 τῶν
445 1735 759 1790 δραματουργῶν
779 1735 845 1775 καὶ
866 1731 1108 1788 συνιστόρων
1128 1729 1214 1787 ἅμα

344 1801 457 1855 δίκην
475 1792 668 1844 τισάντων
686 1802 912 1856 σκέμματος
929 1800 1000 1855 τὴν
1021 1800 1152 1850 ἀξίαν·

345 1867 366 1909 ὅ
389 1869 570 1923 ΖΙἸωσηλὲ
589 1869 632 1911 δὲ
653 1870 719 1911 καὶ
740 1867 974 1925 Νικηφόρος
995 1870 1156 1922 Καῖσαρ

345 1937 416 1990 τὴν
439 1935 630 1990 ὀμμάτων
649 1936 828 1994 πήρωσιν
849 1936 964 1990 ἔσχον
981 1938 1037 1985 εἷς
1053 1937 1178 1990 δίκην.

430 2066 518 2101 1892
542 2063 831 2109 συγγεγραμμένα
854 2065 886 2098 V
1024 2065 1109 2100 1901
1133 2061 1228 2109 πρὸς
1250 2062 1318 2104 τὰς
1337 2061 1482 2109 unixae?

213 2177 348 2222 virgine
378 2181 554 2223 naturum,
593 2189 701 2224 seque
725 2177 815 2212 hunc
836 2182 876 2212 ut
897 2177 996 2211 deum
1020 2176 1200 2220 venerari,
1237 2177 1364 2221 (1885)
1395 2177 1460 2211 sub
1484 2177 1658 2213 Constan-

215 2224 290 2258 tino
314 2228 426 2258 autem
450 2230 554 2269 atque
576 2223 678 2258 Irene
699 2235 817 2258 rursus
843 2235 881 2257 se
903 2223 1018 2256 radios
1039 2223 1123 2256 solis
1141 2223 1304 2256 visurum.

306 2269 400 2303 Exin
424 2268 614 2303 damnificis
639 2270 782 2303 flammis
805 2269 964 2303 excitatis
991 2268 1158 2302 ecclesiae
1177 2268 1213 2301 in
1230 2266 1438 2311 patriarchio
1453 2266 1660 2312 deflagravit

217 2314 478 2358 pulcherrimum
498 2314 691 2349 aedificium
709 2314 993 2359 splendidumque
1012 2314 1136 2356 (1890)
1156 2313 1291 2346 nomine
1306 2312 1519 2356 Thomaites,
1536 2313 1571 2346 in
1590 2324 1658 2356 quo

217 2360 391 2403 repositae
406 2360 634 2395 Mosaicarum
648 2360 758 2394 instar
770 2359 960 2394 tabularum
975 2359 1083 2403 patris
1095 2357 1334 2401 Chrysostomi
1345 2357 1537 2402 scripturae
1550 2363 1661 2401 erant,
1696 2375 1698 2377 ·

218 2405 365 2438 eximiae
394 2405 529 2440 scilicet
559 2405 880 2448 commentationes,
917 2415 1006 2449 quae
1036 2414 1135 2437 sacra
1170 2403 1276 2437 biblia
1309 2402 1394 2437 mire
1424 2402 1658 2438 declarabunt.

219 2450 343 2492 (1895)
369 2450 428 2484 has
451 2451 640 2497 absumpsit
658 2450 762 2495 ignis.
811 2450 898 2496 proh
919 2449 1126 2495 perniciem!

311 2494 401 2528 'I'um
422 2496 523 2530 etiam
545 2502 654 2531 motus
672 2495 856 2530 seditiosus
874 2495 1006 2529 exstitit
1019 2506 1040 2528 a
1056 2493 1220 2528 militibus
1238 2493 1460 2537 ordinumque
1471 2491 1613 2526 ducibus
1624 2491 1661 2526 in

219 2540 303 2573 urbe
321 2540 418 2583 regia
437 2541 714 2586 conspirantibus
732 2542 899 2574 adversus
913 2541 1046 2574 Irenem
1057 2545 1092 2573 et
1100 2539 1375 2573 Constantinum.
1400 2538 1525 2582 (1900)
1542 2538 1661 2571 horum

217 2584 252 2618 in
272 2596 411 2619 numero
423 2585 575 2621 Moselns
586 2587 722 2632 quidam
733 2591 820 2628 erat,
839 2587 907 2619 dux
923 2585 1091 2629 militaris,
1109 2584 1191 2619 belii
1204 2584 1355 2629 peritus;
1379 2582 1484 2627 hique
1494 2582 1662 2616 acclama-

217 2631 303 2664 bant
315 2631 496 2664 caesarem
510 2632 755 2677 Nicephorum,
768 2631 827 2676 qui
838 2630 1058 2664 Constantini
1070 2641 1210 2674 magnus
1223 2635 1298 2663 erat
1307 2634 1462 2674 patruus.
1485 2639 1524 2661 re
1535 2628 1660 2672 depre—

219 2676 328 2708 hensa
353 2676 511 2717 tyrannis
534 2689 701 2722 oppressa
724 2682 792 2718 est,
818 2676 943 2720 (1905)
963 2676 1115 2709 criminis
1134 2675 1332 2709 auctoribus
1349 2678 1384 2707 et
1399 2673 1545 2707 consciis
1562 2671 1663 2706 simul

219 2721 351 2755 debitas
376 2721 554 2755 moliminis
572 2734 700 2766 poenas
716 2721 902 2758 luentibus.
947 2721 1100 2756 Moselus
1116 2726 1227 2756 autem
1244 2725 1279 2755 et
1295 2719 1428 2754 Caesar
1442 2718 1662 2763 Nicephorus

217 2766 328 2801 lucem
351 2766 524 2801 oculorum
547 2769 668 2803 merito
691 2768 891 2803 amiserunt.
