1786 3080
253 120 283 166 4
293 122 316 166 1
323 121 353 165 6
805 124 1155 170 EPHRAEMIUS

254 235 389 276 10365
504 233 662 276 Τούτου
685 235 724 276 δ’
750 233 908 286 ἑκόντος
928 234 1191 288 ἀπολιπόντος
1208 237 1359 295 θρόνον

421 299 541 343 πάλιν
562 301 805 354 Ἀθανάσιος
826 303 915 358 ἴσχε
936 304 1005 347 τὸν
1023 303 1189 362 θρόνον.

424 371 490 411 καὶ
511 368 623 412 τόνδε
644 372 781 414 λοιπὸν
804 368 927 422 αὖθις
949 373 1218 427 ἀπειπαμένου

423 439 634 491 μεταθέσει
658 439 832 482 δέδεικτο
855 442 1030 492 Κυζίκου
1050 443 1197 499 Νίφων

423 511 495 558 τῆς
515 508 725 560 βασιλίδος
745 508 896 551 ἀστέων
917 508 1156 566 ἀρχιθύτης,

259 576 394 618 10370
422 574 523 630 ἀνὴρ
542 575 738 629 μοναχός,
765 577 949 632 ἀγχίνους
968 579 1009 620 ἐν
1029 578 1253 635 πρακτέοις,

423 642 668 693 παιδεύσεως
689 645 762 697 μέν
783 645 914 699 ἀδαὴς
933 646 1152 701 ἐγκυκλίου,

422 709 621 765 ἐπήβολος
641 713 685 753 δὲ
702 715 768 754 καὶ
787 717 943 769 φρενῶν
963 716 1249 770 πεπλησμένος,
1275 716 1282 720 ”

422 780 622 835 Βέρροιαν
642 779 776 833 αὐχῶν
797 781 869 836 τὴν
891 783 1054 837 δυτικὴν
1075 785 1264 840 πατρίδα,

350 856 362 865 '
425 846 578 904 λαύρας
593 846 776 904 ὑπάρξας
792 848 1019 905 προστάτης
1036 855 1109 905 τῆς
1128 853 1232 894 καθ’
1254 853 1380 897 Ἄθω.

259 915 394 957 10375
424 914 507 958 εἶτα
525 917 694 971 κατέστη
714 916 982 973 ποιμενάρχης
999 920 1175 971 Κυζίκου

424 986 490 1025 καὶ
509 983 760 1041 πατριάρχης
776 987 897 1040 τῆσδε
918 988 1236 1030 Κωνσταντίνου.

509 1053 641 1095 Τοῦδ’
667 1054 849 1111 ἐγγραφῇ
868 1055 912 1096 δὲ
932 1059 1069 1098 θῶκον
1091 1055 1361 1109 ἀπειπαμένου

419 1118 603 1175 Ἰωάννης
622 1139 703 1173 τις,
737 1120 758 1164 ὃ
779 1124 819 1163 Γ
818 1123 940 1173 λυκὺς
960 1125 1005 1165 δὲ
1020 1125 1248 1179 τοῦπίκλην,

422 1188 683 1243 συγκλητικός
702 1207 743 1232 τε
766 1193 833 1232 καὶ
856 1193 1074 1247 λογοθέτης
1092 1191 1261 1249 δρόμου,

259 1256 395 1298 10380
427 1253 485 1306 εἷς
509 1255 565 1298 ὢν
587 1257 760 1314 ἀρίστων
780 1260 847 1301 καὶ
868 1265 1009 1317 σοφῶν
1031 1259 1160 1316 λόγων
1181 1261 1298 1320 ἴδρις,

421 1326 632 1382 χειριζεται
652 1326 702 1380 δὴ
720 1327 793 1381 τὴν
813 1328 889 1370 λεὼ
907 1331 1168 1384 προστασίαν.

509 1395 594 1435 Καὶ
619 1395 734 1437 τοῦδ’
759 1394 906 1450 ὁμοίως
925 1401 1064 1440 θῶκον
1086 1397 1356 1453 ἀπειπαμένου

425 1462 468 1501 Γ
464 1461 654 1518 εράσιμός
674 1481 755 1515 τις,
781 1466 848 1506 καὶ
868 1466 1046 1519 μοναχός
1063 1469 1130 1508 καὶ
1148 1464 1292 1522 θύτης,

425 1528 540 1571 πόλιν
567 1532 864 1589 Φιλαδέλφειαν
885 1533 1019 1587 αὐχῶν
1037 1535 1227 1590 πατρίδα,

262 1595 397 1637 10385
427 1602 554 1651 μονῆς
572 1600 776 1654 προεστὼς
791 1603 1047 1656 χρηματίσας
1066 1601 1334 1658 Σωσάνδρων,

423 1667 639 1722 προεδρίαν
660 1666 799 1723 εἴληφε
820 1672 893 1722 τῆς
913 1670 1232 1711 Κωνσταντίνου.

514 1731 673 1775 Τούτου
696 1735 741 1776 τὸ
761 1739 879 1788 βιοῦν
899 1737 940 1777 ἓν
960 1734 1100 1793 θρόνῳ
1124 1736 1352 1787 λελοιπότος

431 1800 532 1856 ἀνὴρ
553 1799 750 1856 μοναχός,
778 1802 953 1858 εὐλαβὴς
967 1804 1157 1857 Ἠσα’ί·ας,

485 1953 594 1987 10381
629 1952 733 1987 habet
759 1954 822 1988 hos
845 1965 968 1990 versus
991 1955 1035 1990 de
1059 1957 1176 1999 Glyca
1197 1956 1343 1991 Allatius
1364 1956 1402 1991 in
1425 1957 1513 1994 diss.
1535 1960 1580 1995 de
1601 1960 1716 1994 Geor-

479 1997 547 2041 giis
582 2009 628 2076 pil
644 1999 712 2033 638
728 2000 803 2077 Relad.
829 2001 973 2036 Fabric.
1008 2001 1068 2036 ubi
1101 2002 1346 2048 Ephraemium
1379 2011 1534 2040 nostrum
1567 2005 1718 2052 appellat

484 2055 604 2078 [nonae
631 2054 697 2078 um·
750 2057 751 2060 ’
769 2068 779 2078 0

354 2178 505 2222 (10365)
529 2179 601 2213 Sed
623 2182 804 2225 postquam
826 2185 951 2227 sponte
971 2182 1002 2216 is
1025 2182 1128 2217 etiam
1151 2183 1281 2218 dimisit
1302 2184 1443 2229 pedum,
1465 2186 1591 2220 iterum
1608 2185 1719 2221 Atha-

266 2223 381 2255 nasius
410 2224 452 2257 ad
481 2225 597 2259 sedem
621 2225 728 2261 venit.
777 2228 870 2270 quod
894 2238 968 2262 cum
991 2228 1023 2262 is
1045 2240 1164 2263 rursus
1186 2230 1321 2274 pondus
1343 2230 1554 2275 fastidisset,
1594 2232 1719 2277 Cyzici

266 2267 411 2317 Niphon
433 2270 619 2305 translatus
641 2271 793 2305 dioecesi
815 2274 971 2318 reginam
994 2274 1129 2309 urbium
1149 2275 1242 2309 rexit
1263 2276 1471 2322 patriarcha,
1496 2277 1644 2321 (10370)
1663 2278 1719 2312 vir

266 2314 491 2359 monachalis,
526 2317 630 2351 rebus
663 2317 805 2361 agendis
837 2330 964 2364 sagax,
1000 2320 1170 2354 communi
1203 2321 1340 2365 quidem
1364 2333 1489 2367 expers
1512 2321 1719 2369 eruditione,

267 2359 329 2392 sed
360 2361 511 2403 prudens
538 2373 654 2397 rerum
677 2367 713 2397 et
735 2363 884 2398 affluens
907 2365 1068 2410 ingenio,
1101 2365 1276 2401 Berroeae
1299 2370 1401 2402 natus
1426 2367 1579 2402 occiduis
1600 2367 1638 2402 in
1659 2380 1719 2404 re·-

267 2404 429 2447 gionibus
441 2433 450 2449 ‚
470 2406 587 2442 laurae
604 2408 822 2454 praepositus
838 2409 875 2444 in
889 2410 1026 2446 Athone
1041 2417 1178 2454 monte;
1200 2413 1349 2458 (10375)
1362 2413 1583 2460 metropolita
1597 2418 1721 2459 postea

266 2450 381 2484 factus
405 2452 546 2497 Cyzici,
573 2455 711 2489 tandem
733 2454 847 2490 tenuit
870 2457 1028 2500 pontifex
1051 2457 1201 2504 Cpolim.

360 2497 489 2532 Verum
520 2504 555 2533 et
585 2500 642 2533 hic
668 2499 784 2534 libello
808 2500 971 2537 honorem
993 2504 1143 2538 abdicat.
1190 2504 1338 2538 Ioannes
1360 2508 1472 2538 autem
1494 2507 1719 2549 cognomento

269 2540 386 2584 Glyca
407 2544 464 2576 vir
486 2545 680 2579 senatorius
705 2550 740 2580 et
763 2557 882 2581 cursus
903 2549 1093 2594 logotheta,
1117 2549 1266 2594 (10380)
1285 2549 1498 2596 optimatium
1515 2550 1560 2584 de
1578 2560 1720 2584 numero

270 2590 307 2620 et
328 2587 566 2633 doctissimus,
592 2591 712 2636 populi
733 2603 867 2626 sacrum
888 2595 1122 2638 praesidatum
1146 2595 1245 2629 adiit.

363 2633 443 2673 Quo
473 2635 675 2680 dignitatem
708 2637 841 2682 pariter
870 2640 1071 2685 abdicante,
1103 2640 1323 2684 Gelasimus,
1357 2640 1413 2674 vir
1439 2639 1645 2675 monasticus
1677 2651 1720 2674 ac

271 2679 467 2724 presbyter,
493 2682 552 2725 qui
574 2682 792 2728 Philadelphi
811 2683 848 2717 in
872 2687 957 2720 urbe
980 2692 1082 2721 natus
1105 2687 1220 2720 fuerat
1242 2686 1390 2731 (10385)
1414 2690 1450 2721 et
1468 2685 1719 2720 Sosandrorum

272 2730 413 2759 rexerat
430 2728 670 2762 monasterium
683 2755 693 2773 ‚
716 2728 951 2774 pontificatum
975 2732 1088 2767 tenuit
1106 2731 1283 2776 Byzantii.

364 2770 520 2817 Cumque
543 2773 599 2808 hic
623 2774 659 2809 in
681 2775 766 2810 sede
786 2781 941 2812 mortuus
962 2778 1103 2822 fuisset,
1137 2777 1320 2813 monachus
1347 2776 1477 2819 haias,
1510 2775 1642 2821 pietate
1663 2775 1718 2811 in-
