1786 3080
227 122 319 171 114
399 156 403 159 ι
769 123 1116 168 ΕΡΗΒΔΕΜΠΙΒ

356 237 582 292 κάμνουσαν
601 236 675 292 ἤδη
696 242 750 295 τῷ
766 237 899 295 χρόνῳ
920 241 978 295 τῷ
998 235 1224 296 παμφάγῳ,

356 306 506 362 ἣὸρασε
520 308 633 360 χερσὶ
655 310 836 359 τεχνιτῶν
857 303 1107 359 εὐμηχάνως·

356 381 467 423 ναοῖς
484 391 523 415 τε
546 377 705 423 πολλοῖς
724 379 795 429 γῆς
813 373 940 430 κλόνῳ
963 371 1273 428 τεθραυσμένοις

222 444 331 485 2590
356 442 427 497 τὴν
447 442 618 495 δυνατὴν
638 440 826 497 στ’τναρσιν
847 444 972 494 εἲσῆξε
993 442 1141 498 σφίσιν.

352 509 524 558 πολλοὺς
542 510 582 550 ‹5'
607 507 853 551 ἐπεσπάσατο
872 513 950 552 τῶν
967 508 1170 550 Ἰουδαίων

352 577 452 634 πρὸς
472 578 600 619 πίστιν
622 577 749 632 ὀρθὴν
765 575 980 632 χρημάτων
1002 578 1197 635 συνεργία.

356 647 420 686 καὶ
436 642 534 694 Ῥώς
554 644 671 694 ἴθνος
690 647 780 700 πρὶν
801 645 1085 700 κεκρατημένον
1103 644 1231 699 πλάνῃ

355 715 523 769 Χριστῷ
543 716 775 767 προσελθεῖν
795 713 965 765 εὐσεβῶς
989 710 1143 768 δράσας
1163 712 1255 766 ἔχει.
1296 757 1299 759 ‚

221 782 330 824 2595
357 781 511 829 σταλεὶς
528 780 603 835 γὰρ
624 781 755 830 αὐτοῖς
777 779 997 836 ἅρχιθὺτης
1020 783 1098 822 τιῖῑν
1120 779 1226 822 πάνυ

354 847 486 903 ἔπειθε
509 846 659 897 πάντας
680 853 736 905 τῷ
754 851 923 905 λ’ριστῷ
941 848 1141 903 προσιέναι

354 916 561 972 εὐαγγελίῳ
584 918 647 956 καὶ
669 918 850 972 Χριστοῦ
869 917 1108 970 τεραστιόις·

355 983 392 1024 οἱ
414 984 456 1024 δὲ
475 984 574 1038 πρὸς
593 983 717 1024 αὖτοῦ
736 985 908 1025 κατιδεῖν
929 983 1050 1039 ᾔτουν
1070 983 1203 1038 τέρας

354 1050 455 1106 πρὸς
481 1051 610 1092 πίστιν
630 1045 683 1092 151·
702 1050 847 1106 ἔφασκε
869 1054 1053 1106 λ’ριστοῦ
1072 1049 1308 1102 θαυμάτων.

221 1121 331 1163 2600
359 1118 575 1173 εὖαγγέλων
595 1124 689 1173 γοῦν
710 1120 880 1160 πυκτίδα
906 1120 1019 1160 θείαν
1042 1117 1169 1173 λόγων

355 1186 567 1239 εὖξαμέιου
590 1203 630 1228 τε
657 1188 721 1227 καὶ
744 1186 869 1242 πυρὸς
890 1186 1029 1235 θέντος
1049 1186 1172 1239 μέσον

354 1253 550 1310 ἄφλεκτος
570 1248 675 1295 ὦπτο
697 1258 755 1311 τῷ
775 1255 868 1309 πυρὶ
890 1258 947 1311 τῷ
965 1251 1193 1309 παμφάγῳ·

355 1321 392 1362 οἱ
415 1321 455 1362 δ’
480 1322 731 1376 ἐκπλαγέντες
742 1323 1029 1378 ’προστίθενται
1048 1323 1171 1377 κυρίῳ
1180 1351 1194 1370 ,

350 1389 626 1442 βαπτίσματος
649 1387 818 1444 δώρημα
836 1389 1177 1445 προσδεδεγμένοι.

219 1457 328 1498 2605
436 1458 518 1497 Καὶ
538 1459 662 1498 παΐὸἀ
681 1457 749 1498 τὸν
767 1457 952 1507 Λέοντα,
987 1458 1167 1505 πεισθεὶς
1193 1452 1355 1502 ἀτόποις

354 1525 669 1579 Σανταβαρηνοῦ
683 1522 887 1577 βασκάνου
908 1521 1194 1577 συμβουλίαις,

352 1589 494 1646 γόητος
519 1590 688 1647 ἀνδρός,
724 1595 883 1647 φυλακῇ
906 1589 1171 1646 καθειργνύει.

353 1660 419 1699 καὶ
443 1657 537 1711 τάχ’
564 1657 612 1699 ἂν
633 1658 853 1711 ἀπέσβεστο
871 1657 1038 1712 λύχνους
1057 1656 1248 1711 ὀμμάτων

352 1723 374 1766 ὅ
398 1728 587 1781 φίλτατος
609 1732 702 1775 παῖς
722 1725 824 1781 πρὸς
847 1725 1102 1782 φυτοσπόρου
1125 1726 1274 1775 Λέων,

219 1793 330 1834 2610
356 1794 390 1834 εἶ
409 1792 466 1846 μὴ
485 1791 732 1848 πατριάρχης
749 1811 789 1835 τε
812 1796 876 1835 καὶ
899 1795 1085 1848 γερουσία

354 1863 480 1910 λιταῖς
498 1861 687 1916 ἀπεῖρξαν
705 1863 928 1915 σκέμματος
949 1861 1017 1902 τὸν
1034 1861 1198 1916 πατέρα.

355 1927 584 1985 ἔμφρουρος
600 1924 648 1982 ἦν
666 1927 774 1982 ὅμως
796 1930 840 1971 δὲ
856 1928 1011 1985 μακρὸν
1035 1929 1103 1971 τὸν
1118 1925 1279 1984 χρόνον.

222 2076 378 2121 ciduam,
410 2076 478 2111 iam
511 2076 723 2112 laborantem
759 2079 924 2123 temporis
952 2078 1099 2122 iniuria,
1134 2076 1302 2111 artificum
1334 2074 1459 2109 refecit
1488 2074 1662 2119 eleganter

222 2133 344 2163 manu3
388 2123 572 2166 multisque
603 2123 679 2157 aliis
708 2131 824 2157 terrae
855 2131 946 2158 motu
978 2125 1102 2159 dirutis
1135 2123 1259 2165 (2590)
1291 2120 1443 2154 delubris
1476 2132 1663 2164 congruam

222 2168 460 2212 suppeditavit
490 2179 607 2212 opem:
640 2169 786 2202 Iudaeos
821 2180 957 2213 quoque
991 2170 1116 2203 multos
1146 2168 1190 2201 ad
1220 2172 1348 2200 rectam
1378 2165 1479 2199 fidem
1507 2165 1662 2210 pellexit,

223 2213 319 2246 vitae
343 2214 498 2256 agendae
519 2213 722 2247 adiumentis
744 2214 923 2259 praebitis.
981 2215 1064 2258 quin
1087 2214 1218 2247 Rossos
1242 2211 1406 2244 hactenus
1429 2211 1541 2245 errori
1563 2210 1665 2244 dedi-

223 2263 278 2291 tos
302 2258 346 2292 ad
370 2258 567 2303 religionem
590 2259 721 2292 Christi
745 2259 879 2292 curavit
900 2259 1053 2293 trahere.
1100 2257 1224 2301 (2595)
1248 2256 1409 2300 egregius
1434 2256 1559 2290 etenim
1580 2255 1664 2290 mis-

223 2313 284 2335 sus
307 2303 349 2336 ad
376 2303 439 2337 hos
461 2303 644 2348 episcopus
667 2304 778 2337 suasit
800 2304 931 2337 cunctis
955 2310 994 2338 ut
1016 2305 1060 2338 ad
1088 2303 1260 2336 Christum
1284 2301 1499 2346 accederent,
1531 2299 1663 2335 Christi

224 2347 424 2392 evangelica
451 2359 594 2383 narrans
626 2349 798 2382 miracula.
857 2355 926 2382 tum
959 2349 1063 2384 Rossi
1095 2346 1314 2393 postulabant
1343 2346 1476 2390 signum
1509 2357 1664 2387 cernere,
1715 2380 1718 2382 .

225 2393 315 2434 quod
346 2400 558 2427 narratarum
590 2405 702 2428 rerum
735 2394 837 2428 fidem
868 2395 1012 2430 faceret.
1074 2394 1197 2436 (2600)
1229 2403 1312 2435 ergo
1342 2392 1444 2425 verbi
1471 2391 1665 2435 evangelici

225 2436 378 2470 divinum
401 2439 525 2472 librum
548 2440 730 2485 episcopus
752 2451 824 2473 cum
849 2439 1010 2483 precibus
1032 2439 1068 2472 in
1090 2439 1203 2482 ignem
1229 2436 1343 2477 misit3
1365 2436 1455 2470 hunc
1477 2442 1590 2471 autem
1612 2436 1666 2470 vis

223 2481 433 2516 flammarum
456 2496 522 2517 non
542 2484 644 2519 laesit
666 2496 783 2519 vorax.
809 2495 877 2528 qua
899 2496 939 2518 re
961 2484 1101 2518 attoniti
1121 2482 1293 2517 dominum
1314 2486 1395 2516 sunt
1414 2481 1526 2516 secuti
1547 2480 1665 2525 Rossi,

226 2531 263 2559 et
284 2527 448 2572 baptismi
471 2540 590 2563 munus
610 2535 847 2574 susceperunt.

317 2573 440 2616 (2605)
479 2574 573 2608 Exin
604 2575 754 2609 Leonem
783 2574 890 2608 filium
923 2573 1091 2616 Basilius,
1129 2571 1362 2607 santabareni
1392 2570 1555 2605 absurdis
1581 2581 1666 2604 con-

227 2614 317 2649 siliis
346 2617 559 2663 obsequens,
593 2620 703 2654 invidi
731 2620 900 2665 pravique
928 2618 1014 2661 viri,
1053 2619 1090 2651 in
1114 2618 1305 2652 custodiam
1325 2616 1482 2651 tradidit.
1528 2619 1564 2650 et
1586 2613 1667 2660 qui-

227 2660 319 2694 dem·
344 2662 460 2696 oculos
498 2665 591 2699 forte
628 2666 814 2700 amissurus
854 2670 932 2699 erat
961 2664 1107 2698 dilectus
1138 2663 1230 2697 filius
1261 2663 1335 2696 Leo
1364 2661 1521 2695 mandato
1546 2660 1665 2706 patris,

227 2706 353 2748 (2610)
399 2707 435 2740 ni
482 2711 680 2753 patriarcha
723 2721 796 2744 cum
841 2709 1048 2753 conscriptis
1087 2709 1243 2753 patribus
1282 2707 1443 2752 precibus
1480 2706 1668 2750 fregissent

228 2750 382 2795 parentis
429 2754 619 2790 consilium.
689 2756 752 2792 sed
793 2760 906 2790 tamen
944 2753 1070 2789 iamdiu
1113 2753 1149 2787 in
1189 2752 1336 2787 vinculis
1377 2752 1537 2786 manebat
1577 2750 1663 2785 Leo.
