1786 3080
251 137 346 184 352
791 138 1139 184 EPHRAEMIUS

382 251 449 293 καὶ
467 249 590 293 τῶνδ’
614 248 635 292 ὃ
651 250 724 305 μὲν
740 256 896 294 συνεῖπε
914 250 983 293 τὸν
1001 248 1117 306 λόγον
1136 248 1274 308 φάναι,

380 318 483 373 πλὴν
501 317 579 375 ἀφ’
601 316 768 371 ἑαυτοῦ,
800 319 972 374 μηδενὸς
986 318 1227 371 συνειδότος,

386 384 606 443 κατήγορος
622 386 665 429 δ’
687 386 837 445 ἔφασκε
855 388 921 429 καὶ
941 385 1166 437 συνειδότος

385 452 528 496 τούτου
549 453 721 509 Μιχαὴλ
738 451 1022 509 Παλαιολόγου
1040 455 1179 511 φάναι.

250 524 361 564 8780
383 519 405 562 ὃ
430 521 472 563 δ’
498 521 722 575 ἀντέβαινεν
744 525 918 579 ἰσχυρῶς
935 521 1159 578 ἀντιλέγων.

384 591 450 631 καὶ
470 589 607 631 λοιπὸν
627 589 863 646 ηὐτρέπιστο
881 588 1025 632 τούτου
1044 590 1095 645 δὴ
1107 588 1228 647 χάριν

383 655 622 712 στρατηγική
643 675 704 708 τις
723 656 922 708 ἀπόδειξις
942 659 985 700 ἐκ
1004 656 1150 712 μάχης.

384 723 569 780 ἑκάτερος
586 730 681 780 γοῦν
699 723 860 780 ὁπλίτης
876 725 1118 781 δεδειγμένος

386 794 546 847 εἰσῆλθε
563 792 609 835 τὸ
627 790 790 835 στάδιον
808 793 949 844 ἱππεὺς
965 795 1160 849 λογχίτης,

253 859 363 901 8785
387 859 470 902 εἶτα
488 859 786 916 συνεπλάκησαν
803 860 928 917 ἄμφω
945 861 1044 918 πρὸς
1058 859 1205 916 μάχην.

386 930 452 970 καὶ
473 927 544 982 τὴν
566 929 674 983 νίκην
692 927 911 984 κατήγορος
929 931 1141 982 κομίζεται,

384 995 510 1052 ῥίψας
527 995 596 1038 τὸν
613 995 863 1049 ἀνθάμιλλον
881 996 956 1053 ἀφ’
975 999 1100 1038 ἵππου
1121 994 1242 1038 κάτω.

383 1065 449 1106 καὶ
473 1062 591 1105 πάλιν
612 1064 795 1120 ἢρωτᾶτο
814 1068 885 1107 τοῦ
906 1062 1025 1120 λόγου
1042 1063 1176 1120 χάριν,

385 1129 406 1172 ὁ
429 1132 470 1173 δ’
495 1132 673 1185 ἐμμένων
692 1127 742 1187 ἦν
762 1138 845 1182 τοῖς
864 1134 957 1187 πρὶν
977 1132 1051 1186 οὗχ
1069 1126 1188 1185 ἧττον
1207 1130 1352 1188 λόγοις,

249 1202 359 1242 8790
381 1199 522 1256 ἀθῷον
543 1197 640 1241 εἶναι
660 1199 832 1254 Μιχαὴλ
854 1197 1020 1256 φάσκων
1038 1197 1171 1255 λόγου.

382 1266 478 1308 ὅθεν
497 1267 754 1323 κατακέκριτο
773 1271 913 1309 θανεῖν
931 1268 974 1310 ἐκ
996 1268 1149 1324 ξίφους.

382 1336 515 1384 δεθεὶς
533 1330 602 1376 οὖν
623 1337 690 1376 καὶ
710 1337 935 1392 καλυφθεὶς
954 1334 1005 1378 τὰ
1023 1333 1108 1391 φάη

382 1400 548 1458 ἀπῆγε-τ’
572 1404 627 1452 εἷς
644 1400 825 1445 θάνατον
841 1402 964 1461 ἀδίκῳ
983 1404 1123 1459 κρίσει,

379 1469 605 1526 προύτεινεν
623 1469 769 1524 αὐχένα
788 1471 831 1512 δὲ
850 1471 1046 1520 δέξασθαι
1065 1467 1205 1527 μόρον.

248 1540 357 1581 8795
381 1540 447 1579 καὶ
469 1535 588 1579 πάλιν
609 1537 791 1593 ὴρωτᾶτο
815 1538 925 1593 παρὰ
948 1539 1116 1592 δημίου·

382 1603 402 1646 ὅ
424 1604 464 1646 δ’
486 1605 769 1658 ἄμετακίνητος
783 1600 833 1658 ἦν
850 1605 1106 1659 δεδογμένων,

382 1671 516 1728 ὅρκοις
539 1672 689 1729 ἀθῳῶν
711 1671 883 1726 ΖΠιχαὴλ
907 1672 1150 1728 φρικαλὲοις.

384 1739 478 1781 ἀλλ’
503 1733 620 1788 οὗτος
637 1737 818 1795 ἕρρύσθη
836 1739 909 1793 μὲν
931 1739 1072 1781 ἀδίκου
1090 1737 1234 1795 μόρου,

380 1806 665 1862 καθειργμένος
683 1808 727 1848 δὲ
745 1806 927 1862 φυλακὴν
944 1805 1149 1849 instamu-

249 1877 360 1918 8800
383 1873 409 1930 ὴ
431 1874 472 1916 δ’
495 1874 670 1925 ἐξέτασις
692 1876 757 1916 καὶ
776 1873 956 1928 βάσανος
976 1878 1049 1917 τοῦ
1067 1872 1187 1929 λόγου

381 1943 483 1999 πρὸς
499 1942 569 1984 τὸν
587 1942 799 1997 Κομνηνόν
818 1941 990 1998 Μιχαὴλ
1007 1941 1248 1997 μετηνέχθη.

462 2070 553 2106 8792
573 2068 898 2115 κατακαιυφθεὶςφ
920 2053 923 2055 ’

248 2185 373 2226 gantur
405 2180 567 2226 quidnam
597 2180 690 2215 iuter
721 2193 759 2215 se
789 2179 955 2216 dixerint.
1001 2183 1106 2224 atque
1138 2179 1257 2214 horum
1290 2190 1378 2216 unus
1409 2177 1462 2214 sic
1483 2190 1523 2214 se
1542 2177 1691 2214 locutum

248 2229 363 2262 fassus
386 2231 458 2269 est,
486 2227 548 2261 sed
571 2231 695 2270 sponte
716 2238 779 2261 sua
802 2226 953 2269 addidit,
978 2226 1117 2260 conscio
1139 2226 1288 2261 nemine.
1334 2232 1372 2261 at
1393 2230 1572 2260 accusator
1593 2225 1692 2260 affir-

249 2274 365 2307 mabat
389 2272 527 2306 conscio
551 2271 645 2306 dicta
666 2271 752 2305 baec
774 2272 883 2306 fuisse
905 2270 1078 2305 Michaele
1098 2269 1319 2315 Palaeologo.
1365 2271 1491 2314 (8780)
1519 2269 1580 2305 ille
1607 2282 1691 2304 cou-

249 2323 383 2352 stanter
404 2324 526 2352 contra
548 2317 772 2362 pernegabat.
819 2323 891 2352 tum
911 2316 1052 2351 militari
1073 2327 1167 2351 more
1188 2316 1230 2351 fit
1251 2318 1444 2360 decretum,
1468 2327 1541 2350 rem
1563 2326 1695 2359 cogno-

247 2363 409 2398 scendam
431 2374 508 2397 esse
530 2373 593 2408 per
614 2361 774 2396 duellum.
820 2368 966 2408 uterque
998 2361 1106 2406 igitur
1128 2373 1203 2396 cum
1226 2361 1334 2396 lorica
1357 2365 1394 2396 et
1418 2360 1517 2406 galea
1538 2361 1636 2395 venit
1656 2360 1695 2394 in

250 2409 396 2443 stadium
430 2419 559 2453 eques,
593 2407 722 2442 hastam
751 2413 895 2450 tenens3
927 2407 1053 2451 (8785)
1088 2411 1125 2441 et
1153 2418 1231 2441 mox
1261 2411 1421 2441 conserta»
1441 2406 1557 2440 valido
1579 2405 1694 2440 duello

249 2454 444 2488 accusatori
466 2453 584 2487 arrisit
605 2452 774 2495 victoria,
798 2454 858 2498 qui
877 2451 1098 2498 proturbavit
1117 2452 1351 2487 adversarium
1374 2462 1478 2496 equo.
1523 2455 1606 2485 tuuc
1623 2450 1694 2484 iste

249 2500 368 2533 eadem
391 2510 497 2543 super
519 2509 558 2532 re
579 2503 740 2542 rogatur3
779 2499 838 2541 qui
861 2497 1042 2542 superiore
1064 2504 1223 2531 constans
1245 2498 1282 2531 in
1305 2508 1463 2532 sermone
1494 2495 1619 2540 (8790)
1641 2494 1695 2530 rei

248 2543 453 2578 Michaeiem
494 2543 641 2577 inscium
680 2542 847 2577 affirmat:
886 2544 1103 2588 quamobrem
1136 2543 1251 2587 gladio
1281 2542 1501 2576 decollandus
1529 2540 1692 2574 traditur.

249 2588 434 2633 statimque
459 2588 588 2623 vinctis
609 2587 783 2631 manibus,
815 2588 938 2623 velatis
961 2588 1089 2632 oculis,
1119 2587 1248 2622 iudicio
1271 2587 1399 2621 iniusto
1422 2587 1467 2621 ad
1487 2596 1606 2620 uocem
1628 2585 1695 2619 du·-

249 2635 402 2671 cebatur.
450 2634 511 2668 sed
537 2645 611 2668 cum
635 2633 803 2667 cervicem
827 2633 894 2667 iam
917 2633 1063 2668 offerret
1083 2633 1186 2676 ictui,
1211 2633 1335 2677 (8795)
1357 2632 1591 2676 interrogatur
1613 2641 1694 2664 rur-

250 2689 309 2713 sus
346 2690 367 2712 a
400 2679 575 2713 carnifice.
622 2679 721 2712 homo
754 2683 953 2713 constanter
985 2679 1097 2712 adhuc
1120 2684 1155 2713 et
1177 2683 1298 2712 sancte
1323 2677 1482 2711 deierans
1511 2675 1694 2709 immunem

249 2723 402 2759 criminis
426 2724 629 2758 Michai‘aelern
656 2724 718 2757 ait.
763 2723 893 2757 iniusto
917 2729 999 2757 tuno
1022 2723 1225 2758 subducitur
1244 2722 1434 2768 supplicio,
1467 2721 1615 2755 traditur
1637 2725 1692 2754 ta-

248 2781 326 2804 men
357 2770 506 2804 carceris
537 2769 727 2805 custodiae.
775 2769 901 2814 (8800)
929 2769 1086 2814 quaestio
1107 2768 1234 2804 deinde
1257 2767 1519 2814 exploratioque
1541 2764 1692 2800 criminis
1756 2819 1757 2822 Ἰ
