1786 3080
219 126 316 173 116
756 125 1102 171 EPHRAEMIUS

349 235 518 294 μύσταις
535 235 721 293 διδούσης
740 239 813 294 τὴν
833 237 1052 294 πρόγνωσιν
1070 242 1148 280 τῶν
1165 237 1282 280 ὅλων.

351 302 476 349 τᾶλλα
494 307 567 360 μὲν
584 301 698 357 οὗτος
717 306 881 360 εὐσεβὴς
898 301 948 361 ἦν
966 304 1199 363 ὄρθόφρων,

353 378 493 417 κοινῶν
513 391 554 416 τε
574 376 762 429 διοίκησιν
781 369 873 429 ἦγεν
893 373 948 424 ὡς
967 375 1077 416 δέον·

351 444 593 500 τετραγαμίᾳ
612 441 652 483 (5³
678 440 887 496 ὡμιληκώς
905 439 1082 497 συζύγων

218 509 329 554 2640
354 511 418 552 καὶ
438 509 537 565 πρὸς
558 507 689 563 νόμων
707 508 874 563 κώλυμα
890 509 948 563 μὴ
971 510 1103 566 φέρειν
1123 507 1242 563 λέγων

352 576 543 629 κυδοιμὸν
561 577 739 631 ἐντίθησι
760 575 1002 633 προστάταις
1020 575 1168 630 νόμων,

354 647 419 687 καὶ
437 642 702 700 ποιμενάρχην
720 643 908 699 ἕνστάτην
926 645 1169 699 ὁεὸειγμὲνον

353 714 521 765 ποίμνης
541 710 691 754 ἐλαύνει
711 712 944 767 καταγαγὼν
966 717 1036 754 τοῦ
1056 710 1223 768 θρόνου.

351 778 510 835 πρώτην
531 780 574 821 δὲ
591 785 715 833 τιμῶν
735 777 911 835 συζύγων
929 781 1144 833 βασιλίδα,

219 847 327 891 2645
354 848 425 903 τῂν
444 847 695 902 μακαριστὴν
717 847 913 903 Θεοφανώ
935 848 1009 902 τὴν
1031 846 1153 900 πάνυ,

354 914 522 970 ἄγχιστα
541 920 641 957 ναοῦ
665 913 846 971 κηρύκων
867 913 1100 958 ἀποστόλων

353 983 449 1025 νεὼν
471 982 611 1042 duma}
632 985 724 1038 τῇδε
745 986 822 1024 τῶν
845 983 1055 1033 ἔξαισι’ων,.

354 1051 395 1091 ἓν
418 1044 452 1108 ᾧ
470 1049 589 1105 σορὸν
611 1051 769 1103 τίθησιν
787 1049 910 1104 αὐτῆς
932 1047 1145 1102 λειψάνων.

356 1120 421 1160 καὶ
439 1115 557 1159 πάλιν
578 1116 698 1158 ἄλλον
717 1118 895 1167 καινίσας
917 1121 1029 1159 θεῖον
1047 1114 1171 1170 δόμον

220 1188 333 1235 2650
361 1188 539 1242 Χριστοῦ
560 1183 679 1225 πάλιν
698 1182 784 1241 ζῴῳ
804 1202 845 1240 γε
863 1184 1047 1242 Λαζάρῳ
1071 1188 1175 1241 φιλίῃ

356 1255 397 1295 ἓν
415 1253 516 1310 τῷδ’
536 1250 777 1306 ἓθησαῦρισε
798 1253 976 1294 κάκείνου
996 1252 1119 1305 δέμας

357 1322 423 1362 καὶ
445 1321 724 1375 Μαγδαληνῆς
745 1322 916 1376 Μαρίας
933 1324 1005 1374 τῆς
1023 1319 1175 1372 ὀλβίας.

354 1387 456 1444 πρὸς
476 1387 606 1430 τοῖσδ’
630 1387 771 1446 ἀνιστᾷ
793 1389 859 1429 καὶ
878 1388 1006 1441 μονὴν
1026 1388 1315 1447 Κωνσταντίνῳ

359 1457 400 1497 ἓν
419 1462 507 1504 ταῖς
525 1461 701 1504 νοσσιαΐς
709 1486 723 1505 ,
756 1458 815 1512 τῷ
833 1453 1075 1511 Παφλαγόνι
1091 1454 1201 1509 γένος

225 1525 334 1566 2655
362 1525 425 1564 καὶ
448 1523 669 1582 θηλυδρίᾳ,
703 1521 806 1576 πλὴν
825 1523 870 1563 δ’
892 1521 1001 1577 ὅμως
1018 1520 1267 1580 ίιεφιλμένῳ,

484 1650 575 1684 2636
620 1649 753 1683 rofecto
775 1648 828 1683 rei
850 1648 1081 1683 divinatoriae
1096 1648 1232 1693 artique
1249 1647 1498 1692 astrologorum
1515 1646 1664 1681 vanissi-

440 1706 515 1729 mae
546 1706 599 1728 ma
614 1706 633 1728 e
663 1694 798 1729 deditus
821 1695 889 1728 suit
909 1695 1002 1736 Le03
1039 1694 1135 1728 cuius
1156 1694 1207 1728 rei
1229 1699 1351 1728 testem
1375 1705 1428 1727 me
1451 1692 1570 1726 videre
1594 1703 1666 1726 me-

442 1738 526 1774 mini
558 1739 709 1774 codicem
746 1740 983 1784 perantiquum
1016 1739 1203 1784 insignem,
1237 1751 1257 1773 e
1279 1739 1473 1783 Byzantina
1494 1738 1595 1780 aula,
1629 1742 1668 1771 ut

442 1791 548 1830 puto,
575 1786 784 1830 profectum,
809 1785 845 1818 in
868 1797 936 1829 quo
959 1784 1131 1818 mendacis
1152 1785 1436 1829 perniciosaeque
1458 1784 1541 1816 artis
1563 1794 1667 1828 prae-

443 1835 545 1875 cepta
562 1830 798 1874 copiosissime
813 1831 1008 1864 traduntur.
1055 1842 1098 1863 ex
1115 1842 1156 1863 eo
1172 1830 1327 1863 nimirum
1343 1829 1462 1864 codice
1476 1829 1670 1872 fragmenta

445 1876 514 1909 tria
544 1875 668 1909 Iuliani
701 1875 924 1909 Laodicensis
948 1885 1057 1919 nuper
1078 1887 1142 1919 ego
1167 1875 1273 1911 edidi.
1319 1880 1402 1909 nota
1424 1884 1561 1917 quoque
1584 1878 1669 1906 eunt

444 1920 601 1962 oracula,
624 1932 712 1964 quae
734 1920 861 1954 Leonis
886 1919 1103 1965 imperatoris
1124 1932 1247 1954 nomen
1270 1932 1354 1966 prae
1376 1932 1415 1954 se
1437 1920 1565 1955 ferunt.
1591 1918 1643 1952 M.

487 1966 577 2000 2646
595 1965 797 1999 locutionem
815 1967 965 1999 nuntius
980 1966 1171 2009 apostolus,
1197 1977 1287 2009 quae
1306 1971 1360 1999 est
1373 1965 1411 1999 in
1425 1964 1577 1998 editione
1593 1964 1670 1997 Eu-

446 2010 534 2044 sebii
565 2010 815 2044 Mediolanensi
848 2022 883 2054 p.
905 2013 967 2052 70,
1003 2010 1227 2055 reprehendit
1254 2016 1293 2044 ut
1320 2009 1555 2044 incredibilem
1578 2008 1670 2042 abii-

445 2056 666 2100 ciendamque
688 2055 855 2089 iudicavit
876 2056 912 2088 in
934 2055 1006 2090 suis
1027 2055 1379 2089 animadversionibus
1395 2056 1516 2089 doctus
1533 2054 1670 2098 quidam

445 2100 501 2134 vir
522 2100 642 2134 Italus.
686 2101 748 2134 sed
771 2112 852 2134 ecce
874 2100 938 2134 tibi
960 2097 1073 2154 ury'pyg
1097 2097 1300 2139 ἀπόστολος
1320 2101 1470 2134 nuntius
1487 2099 1671 2143 apostolus

446 2145 537 2190 apud
570 2145 826 2190 Ephraemium.
874 2156 981 2189 quare
1013 2157 1063 2179 stc
1094 2157 1218 2190 reapse
1237 2146 1372 2189 legerat
1396 2145 1477 2179 olim
1497 2145 1671 2190 interpres

447 2190 628 2225 Armenius
651 2191 754 2225 etiam
777 2191 869 2236 apud
890 2189 1092 2227 Eusebium.
1115 2191 1167 2225 M.

238 2298 302 2332 dit.
348 2298 406 2334 hic
428 2300 629 2345 ceteroquin
650 2300 729 2346 pius
753 2304 789 2334 et
810 2300 1019 2334 orthodoxus
1042 2312 1113 2335 rem
1135 2299 1310 2344 dirigebat
1331 2310 1442 2346 aequo
1462 2299 1539 2334 iure
1559 2298 1674 2345 publi-

240 2354 331 2377 cam:
364 2345 427 2379 sed
458 2351 571 2380 tamen
601 2346 734 2391 quartis
763 2345 945 2379 celebratis
976 2346 1125 2391 nuptiis,
1159 2346 1282 2390 (2640)
1304 2357 1368 2379 nec
1397 2346 1510 2391 legum
1540 2345 1606 2379 hac
1635 2344 1673 2378 in

241 2395 339 2433 parte
363 2392 496 2425 frenum
519 2391 674 2436 patiens,
707 2390 851 2424 tumultu
885 2391 1103 2436 perturbavit
1132 2391 1293 2425 custodes
1319 2391 1424 2433 iuris3
1453 2395 1491 2425 et
1521 2389 1673 2437 patriar-

241 2434 336 2467 cham
360 2436 598 2471 adversantem
621 2436 689 2471 sibi
711 2447 818 2480 grege
847 2435 967 2480 procul
997 2436 1128 2482 pepulit
1147 2437 1338 2470 detractum
1360 2437 1498 2470 throno.
1542 2441 1612 2470 tum
1635 2439 1675 2468 ut

243 2489 337 2512 suam
367 2481 507 2525 primam
537 2482 713 2526 coniugem
735 2481 890 2525 reginam
921 2481 1043 2524 (2645)
1065 2480 1357 2526 Theophanonem
1379 2486 1544 2516 mortuam
1563 2481 1675 2514 hono-

244 2529 349 2564 raret,
373 2525 512 2560 delubro
536 2527 721 2571 proximam
743 2526 972 2572 apostolorum
995 2527 1112 2561 aedem
1136 2526 1215 2560 huic
1237 2527 1410 2561 exstruxit
1428 2525 1578 2570 ingentis
1600 2536 1675 2559 mo-

244 2567 307 2611 lis,
339 2569 457 2614 ibique
484 2573 650 2617 reliquias
680 2571 754 2606 eius
782 2571 819 2605 in
850 2583 933 2605 arca
962 2571 1092 2616 posuit.
1136 2582 1323 2616 rursusque
1351 2572 1453 2606 aliam
1483 2571 1679 2605 instaurans

247 2624 377 2647 sacram
399 2617 517 2650 aedem
539 2618 663 2661 (2650)
687 2616 794 2651 amico
818 2616 950 2650 Christi
972 2617 1130 2651 redivivo
1153 2617 1303 2662 Lazaro,
1322 2617 1589 2660 ibidemvcorpus
1604 2615 1679 2649 eius

246 2658 372 2692 clausit
391 2659 521 2705 loculo,
554 2674 619 2696 nec
639 2674 707 2696 non
731 2664 854 2696 beatae
875 2662 1103 2706 Magdalenae
1122 2662 1271 2696 Mariae.
1314 2661 1515 2696 coenobium
1537 2660 1679 2704 insuper

246 2703 372 2756 struxit
387 2705 613 2741 Constantino
628 2707 839 2762 Paphlagoui
860 2707 897 2741 in
918 2719 958 2741 eo
980 2707 1057 2741 loco
1080 2707 1139 2752 qui
1162 2707 1262 2741 nidus
1285 2707 1422 2750 dicitur,
1445 2706 1567 2750 (2655)
1585 2704 1679 2749 turpi

247 2758 323 2782 viro
346 2750 408 2784 sed
431 2755 542 2785 tamen
562 2752 687 2788 dilecto
710 2753 801 2797 sib13
839 2763 940 2798 quem
972 2763 1069 2787 coma
1097 2758 1199 2788 tonsa
1230 2752 1331 2787 iussit
1363 2763 1440 2787 esse
1467 2750 1678 2793 monachum,
