1786 3080
244 119 341 166 136
785 122 1137 168 EPHRAEMIUS

374 233 559 288 ἐξαπίνης
581 232 770 289 τέθνηκεν
792 233 950 291 ἄρτῦων
971 233 1118 291 μάχην.

370 301 472 354 μεθ’
495 299 540 343 ὅν
557 318 618 351 τις
636 301 757 352 ἄλλος
764 334 777 354 ,
814 305 1023 360 Τορνίκιος
1043 303 1271 359 τοῦπίκλην,

371 368 481 419 ὅστις
498 370 648 424 ἐπῆλθε
666 370 741 413 σὺν
759 377 929 431 στρατιᾷ
948 377 997 428 τῇ
1016 370 1152 414 πόλει·

374 435 479 479 ἀλλὰ
501 439 718 493 κρατηθεὶς
733 439 917 495 ἐστέρητο
935 444 1008 481 τοῦ
1027 438 1171 497 φάους.

237 503 348 547 3120
371 506 438 547 καὶ
453 503 641 556 Ῥωσικὸς
662 504 781 549 πάλιν
805 508 848 550 δὲ
867 511 920 564 τῇ
938 505 1049 550 πόλει
1069 506 1212 558 στόλος

369 573 628 630 ἐπεισέφρησε
649 575 794 631 μυρίον
815 575 987 631 στρατὸν
1007 575 1162 632 φέρων·

367 639 416 690 ὃς
436 642 639 700 ναυμαχίᾳ
656 646 737 692 πᾶς
754 643 895 696 σχεδὸν
913 641 1133 700 διεφθάρη.

370 710 437 750 καὶ
457 707 708 760 Πατζινάκαι
728 714 807 752 τῶν
825 713 1069 767 παριστρίων
1089 711 1208 761 ἔθνος

369 780 651 831 λεηλατοῦντες
667 779 918 835 κατέδραμον
934 779 1006 833 τὴν
1029 778 1216 838 Θρᾴκην·

234 843 344 887 3125
366 844 545 894 σπονδὰς
561 844 798 901 δεδρακότες
817 848 860 889 δὲ
872 845 1083 901 Ῥωμαίοις
1100 847 1212 897 τέλος

368 913 444 963 τὰς
462 914 684 963 πανοπλίας
701 915 913 957 κατέθεντο
936 916 1003 956 καὶ
1020 914 1168 970 μάχας.

453 979 615 1023 Τούτου
634 987 875 1038 κρατοῦντος
895 982 1065 1025 Οὖνικόν
1086 981 1281 1039 Τούρκων
1299 981 1431 1033 ἔθνος,

367 1045 601 1103 ὁρμώμενον
620 1052 711 1106 πρὶν
734 1052 776 1101 ἐξ
798 1050 903 1107 ὂρῶν
924 1051 1181 1102 Καυκασίων,

367 1117 522 1170 ἐπῆλθε
542 1121 698 1173 πρῶτον
713 1116 938 1173 Ῥωμα·ί·δος
953 1126 1037 1168 τοῖς
1055 1117 1177 1175 ὅροις,

231 1183 343 1224 3130
368 1184 445 1225 κάκ
464 1185 578 1227 τοῦδ’
600 1187 770 1229 ἔθισθέν
789 1191 842 1244 τῇ
861 1187 954 1229 κατ’
981 1187 1106 1240 αὐτῆς
1125 1181 1249 1245 μανία

364 1250 500 1307 ἔληγεν
519 1253 634 1295 οὐδὲν
650 1254 773 1308 τῆσὸ’
796 1254 917 1311 ὅρους
936 1255 1193 1310 κατατρέχον.

365 1319 409 1361 ἐκ
428 1325 508 1362 τῶν
527 1325 662 1377 μερῶν
682 1320 791 1371 ὅπως
812 1322 855 1363 δὲ
873 1326 952 1363 τῶν
971 1323 1250 1377 προσαρκτίων

367 1384 435 1428 οἶα
453 1386 559 1442 λύμη
575 1405 635 1437 τις
651 1388 698 1431 οὗ
717 1392 850 1438 καλῶς
867 1386 1093 1445 εἶσεᾳλθάρη

369 1457 424 1504 εἷς
443 1455 516 1509 τὴν
534 1457 636 1497 καθ’
657 1455 766 1510 ἡμᾶς
787 1457 999 1512 γειτνίασιν
1016 1455 1185 1511 λεκτέον.

230 1521 342 1565 3135
363 1521 614 1577 ΖΠουχούμετ
632 1523 732 1580 ἀνὴρ
752 1521 909 1579 ἡγεμών
927 1527 998 1577 τῆς
1013 1525 1216 1579 Περσίδος

366 1589 494 1646 ἤρατο
517 1589 651 1646 μάχην
673 1592 778 1634 κατὰ
799 1592 1073 1644 Βαβυλωνίων

358 1658 494 1700 Ἰνδῶν
514 1659 584 1710 θ’,
617 1658 746 1717 ἑαυτῷ
766 1660 972 1713 δυσμενῶν
991 1656 1230 1709 ἀντιπάλων,

369 1725 425 1768 δι’
451 1720 507 1768 ὧν
526 1731 744 1783 τροποῦται
760 1727 854 1777 τοὺς
872 1725 1046 1783 ἐχθροὺς
1066 1725 1168 1768 κατὰ
1188 1725 1348 1784 κράτος.

368 1791 586 1851 νικηφόρος
603 1799 699 1850 γοῦν
719 1794 792 1837 σὺν
808 1796 945 1852 σφίσιν
965 1794 1183 1851 ἀφιγμένος

234 1859 346 1902 3140
369 1861 470 1917 πρὸς
484 1862 556 1916 τὴν
573 1860 716 1906 ἑαυτοῦ
733 1860 986 1916 Μουχοῦμετ
1004 1862 1237 1918 ἐθναρχίαν,

368 1932 690 1986 παλινδρομῆσαι
707 1931 810 1988 πρὸς
827 1932 1002 1987 πατρίδα
1021 1927 1261 1983 συμμάχους

448 2042 529 2082 post
561 2048 597 2071 v·
628 2035 720 2071 3140
750 2036 922 2071 excidisse
943 2035 1083 2069 videtur
1103 2045 1227 2069 versus
1251 2033 1466 2068 huiusmodi:
1494 2033 1684 2078 Τούρκους

447 2080 796 2126 παρακαλεσᾶμενος
817 2078 1038 2125 συμμάχους.
1562 2101 1564 2103 -

230 2182 303 2205 cum
330 2182 476 2217 pugnam
498 2172 700 2206 instrueret.
748 2171 828 2205 exin
855 2169 1044 2215 tyrannide
1066 2167 1254 2203 Tor-nicius
1276 2167 1413 2212 quidam
1437 2175 1601 2215 arrepta,
1637 2172 1682 2206 ad

231 2218 349 2250 urbem
380 2218 510 2262 regiam
540 2222 690 2252 armatus
723 2217 842 2261 venit,
885 2217 947 2250 sed
982 2215 1096 2248 victus
1135 2214 1309 2248 oculorum
1347 2213 1508 2249 multatur
1539 2216 1681 2251 lumine.

232 2262 358 2305 (3120)
381 2263 528 2298 Rossica
550 2267 733 2308 praeterea
755 2267 877 2295 contra
898 2260 1105 2305 Byzantium
1129 2259 1250 2293 classis
1277 2258 1480 2294 adventavit
1501 2260 1680 2306 plurimum

232 2307 364 2341 vehens
387 2309 548 2352 militem,
587 2319 677 2353 quae
701 2318 812 2352 prope
834 2307 943 2340 omnis
965 2305 1081 2339 navali
1104 2304 1239 2349 proelio
1260 2304 1378 2349 periit.
1424 2310 1495 2339 tum
1517 2306 1683 2341 Patzinn·

232 2364 306 2395 cae,
330 2364 416 2396 gens
438 2354 522 2388 Istri
542 2353 671 2398 accola,
696 2351 883 2386 Thraciam
905 2352 1111 2395 praedantes
1135 2355 1448 2392 concursaverunt3
1473 2352 1598 2396 (3125)
1620 2352 1682 2397 qui

232 2402 343 2432 tamen
367 2400 510 2433 foedere
533 2410 607 2433 cum
630 2397 796 2433 Romanis
820 2397 889 2430 icto
914 2408 1009 2430 arma
1030 2395 1224 2439 bellumque
1245 2401 1449 2439 posuerunt,

323 2443 549 2479 Monomacho
561 2449 728 2489 regnante
740 2454 824 2488 gens
837 2443 1029 2475 Turcarum
1040 2440 1213 2485 Hunnica,
1230 2440 1408 2474 Caucasiis
1421 2440 1566 2475 oriunda
1578 2440 1681 2485 iugis,

234 2487 380 2526 Romani
399 2490 541 2534 primum
558 2489 696 2535 imperii
710 2489 796 2523 fines
814 2487 951 2531 attigit3
977 2487 1100 2529 (3130)
1124 2497 1192 2530 quo
1210 2491 1391 2530 postquam
1407 2486 1487 2520 odio
1505 2486 1611 2519 semel
1627 2491 1682 2520 est

231 2531 373 2576 imbuta,
400 2534 524 2569 nullum
547 2535 614 2570 iam
635 2534 723 2570 fecit
742 2533 974 2568 incursionum
988 2533 1102 2566 finem.
1129 2543 1235 2576 porro
1251 2531 1287 2564 hi
1302 2531 1346 2565 de
1361 2531 1496 2565 Boreae
1510 2532 1680 2575 quomodo

232 2579 432 2622 regionibus
456 2591 519 2614 ceu
544 2581 653 2626 pestis
677 2580 845 2625 quaedam
867 2578 980 2611 omine
1000 2578 1095 2611 tristi
1118 2576 1323 2611 advenerint
1344 2577 1510 2621 iuxtaque
1531 2588 1593 2610 nos
1616 2577 1681 2610 ad-

231 2623 401 2667 sederint,
439 2625 620 2660 dicendum
644 2628 816 2671 superest.
862 2622 988 2667 (3135)
1016 2622 1357 2667 Persidisrprineeps
1379 2622 1596 2655 Mahumetus
1616 2633 1681 2655 no·-

232 2668 343 2710 mine,
367 2668 491 2704 bellum
513 2682 679 2706 exercens
703 2682 776 2704 cum
800 2667 1004 2712 Babyloniis
1027 2674 1131 2712 atque
1155 2679 1229 2701 cum
1252 2667 1347 2701 Indis
1372 2667 1529 2701 hostibus
1549 2667 1679 2700 acerri-

232 2714 309 2756 mis,
332 2714 523 2748 Turcarum
545 2717 673 2750 auxilio
690 2725 763 2750 rem
785 2716 874 2748 bene
897 2713 1017 2757 gessit.
1062 2713 1173 2757 igitur
1193 2713 1308 2747 victor
1328 2723 1402 2747 cum
1427 2712 1480 2746 his
1500 2723 1680 2756 regressus

234 2761 357 2803 (3140)
389 2760 433 2795 ad
465 2761 694 2806 principatum
727 2772 823 2796 suum
854 2759 1072 2794 Mahumetus
1105 2758 1218 2793 socios
1251 2759 1293 2792 ad
1325 2757 1499 2803 propriam
1526 2768 1681 2792 remeare
