1786 3080
200 129 299 175 200
599 135 603 139 ’
740 134 1091 181 EPHRAEMIUS

333 247 413 286 τῶν
435 244 526 300 πρὶν
546 242 588 286 δ’
609 242 790 290 ἀνάκτων
807 245 1122 303 καθικνούμενον
1137 249 1249 305 μάλα

333 309 390 361 ὡς
412 311 700 368 λοιδορούντων
724 315 901 370 ἀμαθῶς
918 321 1007 375 θεῷ
1027 315 1148 378 λόγῳ.

199 378 309 422 4785
335 382 390 430 εἷς
409 379 602 436 ἀκρόασιν
621 382 806 426 ἐκδίδωσι
823 384 893 427 τὸν
910 383 1054 438 τόμον·

332 446 354 489 ὅ
375 447 625 504 πατριάρχης
644 452 789 507 ἀντέβη
807 454 1062 509 θαρσαλέως,

334 519 400 558 καὶ
423 520 501 566 πᾶς
519 518 664 560 συνιών
684 528 932 577 συνομαρτεΐ
945 523 1113 575 ποιμένι.

330 586 398 626 καὶ
416 588 571 638 μᾶλλον
591 584 611 628 ὃ
633 585 830 644 πρόεδρος
850 589 1160 645 Θεσσαλονίκης,

331 650 570 709 περιβόητος
589 654 733 711 ἀρετήν
749 673 790 698 τε
809 659 874 698 καὶ
893 655 1024 712 λόγον,

198 716 309 764 4790
332 725 412 763 τῶν
432 727 709 779 ποιμεναρχῶν
728 724 961 775 Ebora-9105
980 726 1026 768 τὸ
1045 726 1172 778 κλέος,

333 787 439 847 ζήλῳ
458 793 585 848 θεϊκῷ
605 795 903 849 καταφλεχθεὶς
921 795 1092 850 καρδίαν

331 856 470 912 ἤλεγξε
488 856 620 913 δόγμα
638 862 878 918 καινοφανὲς
894 863 960 903 καὶ
978 860 1118 911 νόθον,

325 922 439 980 “εἴην
459 924 508 967 ἂν
530 925 718 978 ἀνάξιος”
754 930 873 972 εῗπὼν
900 928 1142 972 “παντάπαν

192 1038 198 1045 ,
330 997 403 1047 τῆς
422 1001 701 1051 ποιμεναρχῶν
719 999 784 1039 καὶ
804 1002 949 1052 στολῆς
965 999 1032 1039 καὶ
1050 1003 1124 1040 τοῦ
1139 997 1307 1056 θρόνου,

197 1058 307 1102 4795
332 1060 493 1115 ἠλίθιος
513 1063 556 1105 δὲ
575 1065 642 1105 καὶ
661 1066 894 1120 νομιζοίμην
912 1064 1044 1117 πάλιν,

331 1131 367 1172 εἰ
386 1132 658 1187 παιδεραστὴν
679 1135 746 1175 καὶ
767 1132 987 1188 καμηλώδη
1009 1131 1160 1176 πλάνον

331 1195 488 1253 μύστην
507 1215 550 1242 τε
571 1198 703 1256 πάσης
721 1200 902 1259 πράξεως
920 1202 1162 1255 βδελυκτέας

332 1267 399 1307 καὶ
417 1268 681 1324 μυσταγωγὸν
698 1269 856 1323 ἀσεβῶν
874 1268 1147 1325 διδαγμάτων,
1165 1278 1168 1281 ’

331 1331 560 1391 ὄλόσφυρόν
578 1353 616 1378 τι
635 1339 701 1379 καὶ
717 1338 992 1392 πεπλασμένον
1006 1337 1126 1394 τέρας

196 1398 308 1442 4800
329 1405 455 1456 ψιλῆς
477 1404 651 1455 ἐπινοίας
671 1422 715 1461 γε
737 1407 804 1448 καὶ
825 1405 1055 1461 στυγητέας,

330 1470 430 1512 θεὸν
449 1473 611 1526 καλοίην
631 1473 801 1530 ἀτρεκῆ,
834 1476 993 1528 κτίστην
1012 1471 1162 1518 ὅλων.”

333 1535 354 1579 ὃ
378 1538 418 1579 δ’
443 1536 498 1589 ὥς
519 1539 732 1591 πεπονθὼς
750 1541 922 1596 ἐσχάτην
941 1543 1152 1596 παροινίαν

333 1605 519 1648 ὀνείδεσιν
538 1607 677 1650 ἕπλυνε
697 1610 791 1659 τοὺς
811 1608 1048 1664 ἄρχιθύτας,

335 1671 487 1726 κόσμου
506 1675 558 1716 τὰ
575 1676 694 1732 μωρὰ
713 1675 856 1719 τούσδε
876 1681 1010 1718 καλιόν
1028 1676 1203 1733 ἀλόγως·

199 1735 309 1781 4805
335 1741 431 1782 κάπὶ
451 1741 628 1798 μεγάλης
649 1743 899 1788 δικάσασθαι
919 1743 1091 1787 συνόδου

333 1809 434 1863 πρὸς
452 1810 594 1853 τούσδ’
615 1813 788 1854 ἀπειλῶν
806 1813 993 1867 ἓμμανῶς
1013 1811 1226 1869 ἐκεκράγει,

335 1875 451 1919 πάπα
471 1878 691 1936 παρόντος,
723 1885 804 1923 τῶν
821 1880 1086 1938 προκειμένων
1101 1881 1238 1939 χάριν.

336 1943 446 1999 ὅμως
462 1950 600 2001 θυμοῦ
621 1947 814 2002 λήξαντος
829 1947 850 1991 ὃ
872 1948 1004 2005 πραῢς
1021 1948 1136 2002 ἄναξ,

333 2016 492 2071 σπουδῇ
512 2016 710 2073 προέδρου
731 2018 850 2072 τῆσδε
871 2021 944 2070 τῆς
960 2015 1281 2068 Κωνσταντίνου,

199 2183 408 2221 Mohametis
429 2186 603 2222 faventem
625 2188 728 2234 fidei,
765 2200 808 2224 ac
831 2190 1028 2235 superiores
1051 2189 1276 2234 castigantem
1296 2189 1467 2226 Caesares
1490 2196 1650 2236 tanquam

199 2229 326 2265 inscite
354 2232 616 2268 maledixissent
643 2235 730 2276 deo;
764 2236 891 2279 (4785)
914 2242 1020 2280 atque
1042 2236 1132 2270 hunc
1153 2235 1302 2270 libellum
1324 2236 1437 2270 edidit
1454 2236 1652 2282 legendum.

199 2276 263 2309 sed
293 2278 495 2323 patriarcha
525 2279 659 2314 restitit
686 2280 871 2325 audacter,
903 2287 940 2315 et
965 2292 1042 2315 cum
1069 2286 1212 2326 pastore
1240 2282 1483 2326 conspirarunt
1512 2294 1652 2324 omnes3

199 2321 474 2359 Thessalonicae
504 2325 648 2370 praesul
680 2325 773 2360 inter
803 2326 953 2371 primos,
992 2327 1050 2360 vir
1081 2326 1273 2360 celebratus
1304 2327 1436 2362 virtute
1462 2339 1504 2362 ac
1527 2327 1653 2371 literis,

198 2367 329 2412 (4790)
352 2374 459 2414 atque
478 2376 656 2416 pastorum
674 2370 804 2415 gloria,
830 2371 1054 2415 Eustathius‚
1080 2371 1154 2405 zelo
1178 2372 1297 2406 divino
1319 2373 1459 2407 viscera
1481 2380 1652 2418 perustus,

201 2422 328 2448 novum
350 2426 392 2448 ac
412 2415 568 2460 spurium
588 2416 634 2450 im
661 2416 802 2452 robavit
822 2417 967 2462 dogma,
1003 2417 1124 2451 dicens
1154 2414 1353 2452 “enimvero
1375 2419 1487 2453 forem
1510 2430 1576 2462 ego
1598 2419 1654 2452 in-

201 2457 327 2501 dignus
357 2461 551 2515 episcopali
578 2467 668 2496 stoa
700 2467 807 2507 atque
838 2463 945 2507 solio,
977 2461 1102 2507 (4795)
1133 2473 1345 2508 prorsusque
1365 2463 1507 2498 insanus
1529 2464 1654 2498 merito

201 2503 424 2548 aestimarer,
451 2518 492 2540 -st
514 2519 536 2541 a
558 2507 764 2553 paederasta
784 2509 885 2542 vafro
907 2508 1077 2552 mulione,
1111 2509 1275 2553 magistro
1298 2509 1408 2543 omnis
1429 2516 1527 2544 actus
1550 2520 1653 2543 exse-

201 2549 322 2582 crandi
345 2555 383 2584 et
403 2551 636 2588 doctrinarum
657 2553 882 2587 scelestarum
904 2560 1037 2598 mysta,
1066 2553 1126 2599 qui
1149 2559 1336 2589 monstrum
1359 2555 1529 2598 quoddam
1552 2553 1655 2588 finxit

200 2592 437 2638 holosphyron
481 2597 608 2656 (4800)
642 2597 705 2633 vili
736 2598 861 2632 mentis
894 2604 997 2644 partu
1029 2604 1066 2633 et
1097 2600 1325 2645 detestando,
1365 2600 1466 2634 deum
1498 2599 1650 2634 dicerem

200 2639 348 2674 omnium
377 2646 583 2679 creatorem.
596 2640 608 2655 ’
651 2648 689 2678 at
716 2644 848 2678 Caesar
872 2650 989 2679 oestro
1011 2645 1166 2689 percitus
1188 2645 1309 2679 insano
1331 2644 1511 2690 probrosis
1533 2645 1650 2679 verbis

200 2684 318 2718 obruit
340 2686 543 2732 episcopos,
569 2688 686 2724 mundi
709 2689 912 2735 quisquilias
934 2690 1062 2724 stolide
1082 2691 1279 2736 appellans;
1309 2691 1436 2734 (4805)
1457 2702 1566 2735 seque
1588 2701 1649 2723 oe-

195 2730 377 2764 cumenica
399 2732 594 2769 minabatur
613 2735 749 2779 synodo
771 2735 1061 2789 disceptaturum,
1084 2736 1218 2770 furiose
1233 2735 1442 2779 inclamans,
1464 2747 1577 2781 papae
1593 2735 1650 2768 in-

198 2775 370 2821 terposito
404 2777 448 2811 de
481 2779 535 2813 his
566 2781 709 2816 iudicio.
756 2791 834 2816 mox
869 2792 922 2815 rra
953 2781 1081 2816 omissa
1110 2787 1306 2817 mansuetus
1328 2782 1459 2816 Caesar
1481 2780 1651 2827 praesulis
