1786 3080
227 130 289 175 82
775 123 1124 169 EPHRAEMIUS

360 239 432 294 τὴν
452 235 717 295 προσκύνησιν
736 238 802 280 καὶ
820 237 939 291 τιμὴν
959 235 1031 291 τὴν
1052 232 1212 279 εἳκόνων

362 306 607 363 ἀπηγόρευσε
628 308 853 360 δυσσεβῶς,
888 304 920 362 ὦ
938 304 1098 359 μανίας,

231 377 335 420 1785
363 373 664 428 καθυποβαλών
685 371 870 430 ἀφρόνως
890 370 911 414 ὃ
929 369 1122 426 μαινόλης

364 444 482 500 ἀραῖς
506 441 762 496 ἀναθέματος
781 439 932 496 ἄνδρας
952 439 1127 492 ὀλβίους,

363 510 491 567 σοφὸν
510 512 548 549 Γ
545 507 716 565 ερμανόν
725 541 738 560 ,
773 510 813 549 Γ
809 505 972 564 εώργιον
992 502 1227 562 Κυπρόθτν,

362 578 456 627 τοὺς
471 575 740 632 ποιμενάρχας
758 577 878 630 τῆσδε
897 578 970 628 τῆς
987 574 1306 624 Κωνσταντιίου,

361 645 462 700 πρὸς
485 646 526 686 δ’
558 639 610 686 αὖ
627 642 812 698 Ἰωάννην
831 660 873 685 τε
893 642 963 684 τὸν
980 638 1271 695 Δαμασκόθεν.

232 718 340 759 1790
363 708 479 762 οὗτος
502 711 676 767 διωγμὸν
699 712 856 764 ἀσεβῶς
875 709 1089 767 φρικαλὲον

363 780 457 822 κατ’
485 777 750 832 εὐσεβούντων
770 781 1052 835 προσκυνητιῦν
1074 772 1234 819 εἰκόνων

349 847 420 902 ,ὡς
437 845 710 902 χριστομάχος
731 844 972 900 ἀνακινήσας
990 843 1113 894 τάλας

363 914 516 964 πάντας
534 913 677 956 ἐκάκου
687 946 700 965 ,
734 916 801 956 καὶ
820 913 939 955 πλέον
957 908 1213 969 ῥακενόύτας,

365 982 464 1036 μεθ’
486 976 533 1023 οὗ
550 983 757 1038 Στέφανον
769 981 956 1036 Ἀνδρέαν
973 976 1246 1034 μονοτρόπους

235 1054 342 1095 1795
366 1049 577 1106 μάρτυρας
596 1049 773 1105 ἀπέφηνε
791 1051 975 1103 λ’ριστοῦ
995 1045 1202 1097 δεσπότου,

363 1118 510 1167 ἄλλους
529 1134 570 1159 τε
592 1118 798 1166 πλείστους
822 1116 896 1158 σὺν
917 1120 1135 1169 μονασταῖς
1155 1111 1341 1168 μιγάδας.

450 1183 609 1227 Τούτου
631 1181 936 1241 τυραννεύοντος
955 1184 995 1224 ἓν
1014 1183 1266 1237 Παλαιστίνῃ

366 1251 440 1293 κᾶν
461 1256 511 1309 τῇ
530 1252 660 1310 Συρία
679 1254 745 1293 καὶ
765 1252 942 1305 βασιλίδι
961 1248 1070 1292 πόλει

369 1321 532 1374 σεισμὸς
550 1320 735 1374 μέγιστος
754 1321 820 1361 καὶ
840 1317 978 1367 κλόνος
996 1322 1067 1373 γῆς
1083 1317 1244 1370 συνέβη,

236 1387 345 1430 1800
370 1386 426 1428 δι’
450 1381 499 1428 οὗ
515 1391 672 1443 βροτῶν
692 1386 875 1443 {wapro
892 1386 1035 1440 μυρίον
1052 1390 1207 1441 στῖφος.

368 1453 470 1508 ἄλλη
494 1453 637 1510 φθορά
657 1471 699 1496 τε
720 1455 786 1495 καὶ
807 1454 1071 1508 ᾳθισιζθροτος
1088 1450 1206 1501 νόσος

370 1524 655 1563 ἐπεισπεσοῦσα
675 1521 886 1576 κατέτρυχε
909 1520 982 1568 τὰς
1003 1517 1148 1569 πόλεις,

372 1587 428 1638 ὥς
445 1589 500 1643 μὴ
521 1588 691 1630 δυνατὸν
707 1589 983 1641 ἕκνομίζεσθαι
1002 1584 1106 1640 τάχα

370 1656 416 1697 τὸ
435 1660 594 1710 πλῆθος
612 1654 719 1697 ἅπαν
734 1660 814 1698 τῶν
832 1655 1068 1711 νεκριμαίων
1085 1650 1269 1709 φθάνειν.

239 1724 345 1766 1805
366 1722 520 1778 χειμών
539 1741 580 1765 τε
599 1721 758 1766 πάντων
775 1721 1003 1778 βαρύτατος
1020 1722 1087 1763 καὶ
1102 1721 1225 1775 μέγας

369 1790 679 1840 ἓπεισπεπαικὼς
700 1794 751 1846 τῇ
769 1791 947 1843 βασιλίδι
967 1788 1076 1830 πόλει

368 1858 520 1912 πολλὴν
539 1856 796 1914 ἐνειργάσατο
816 1855 942 1913 ταύτῃ
961 1856 1034 1910 τὴν
1056 1852 1198 1909 λύμην,

371 1924 425 1976 ὥς
443 1926 811 1982 κρυσταλλωθῆναί
825 1942 868 1980 γε
886 1929 942 1982 τῷ
961 1928 1095 1982 πολλῷ
1115 1921 1240 1977 ψύχει

454 2053 545 2088 1783
566 2051 669 2086 τῶνί)
806 2052 894 2087 1794
920 2044 1005 2085 aiv?
1142 2050 1231 2086 1797
1252 2049 1522 2092 τυραννοῦντος
1544 2047 1576 2081 V

239 2162 494 2198 venerationem
517 2162 749 2207 honoremque
771 2162 953 2206 imaginum
976 2162 1122 2206 abrogat
1139 2161 1196 2196 hic
1213 2161 1421 2196 haereticus.
1453 2172 1473 2194 o
1491 2158 1686 2193 vesaniam!

238 2208 368 2252 (1785)
402 2208 507 2243 stulte
539 2208 642 2242 etiam
675 2207 825 2241 subiecit
847 2208 998 2241 furiosus
1021 2207 1120 2240 homo
1145 2207 1333 2241 maledictis
1355 2204 1582 2239 anathematis
1602 2215 1686 2237 san-

238 2259 314 2287 ctos
335 2254 431 2287 viros
453 2252 644 2298 sapientem
668 2253 888 2295 Germanum,
913 2252 1101 2295 Georgium
1121 2252 1301 2296 Cyprium,
1324 2250 1383 2295 qui
1404 2249 1569 2294 Byzantii
1586 2248 1687 2282 huius

240 2304 398 2376 pastores
420 2299 578 2342 fuerant,
611 2309 654 2332 ac
671 2297 835 2331 Ioannem
858 2298 1000 2342 insuper
1023 2297 1282 2331 Damascenum.
1337 2297 1465 2340 (1790)
1496 2295 1587 2329 idem
1609 2305 1689 2327 sce-

255 2349 349 2377 estus
378 2343 619 2388 persecutione
648 2342 806 2377 horribili
834 2347 1002 2376 commota
1023 2343 1191 2376 adversus
1214 2342 1363 2376 cultores
1385 2340 1591 2384 imaginum,
1621 2337 1702 2376 tri-‚

241 2388 384 2421 stissimi
407 2387 648 2424 christomachi
669 2399 818 2434 persona
841 2387 980 2431 induta,
1014 2393 1155 2421 cunctos
1178 2388 1349 2430 vexabat,
1383 2386 1587 2432 praesertim
1609 2394 1689 2418 sac-

242 2433 432 2477 cophoros;
463 2446 549 2479 quos
580 2435 672 2468 inter
700 2432 912 2477 Stephanum
937 2438 973 2466 et
994 2432 1164 2467 Andream
1195 2432 1377 2467 monachos
1409 2431 1534 2474 (1795)
1557 2428 1690 2463 Christi

243 2478 372 2511 domini
395 2486 565 2524 martyres
587 2477 722 2520 effecit,
745 2478 913 2522 aliamque
936 2477 1113 2522 plurimam
1137 2489 1212 2511 cum
1236 2476 1410 2512 monachis
1432 2481 1619 2510 catervam.

334 2523 390 2556 Eo
406 2531 574 2567 regnante
586 2523 768 2568 tyrannice
783 2522 1009 2556 Palaestinam
1019 2549 1028 2566 ‚
1050 2529 1120 2556 tum
1134 2523 1237 2557 etiam
1250 2523 1388 2567 Syriam
1400 2527 1437 2555 et
1446 2521 1556 2565 ipsam
1570 2521 1690 2553 urbem

243 2567 375 2611 regiam
398 2570 562 2604 maximus
579 2575 697 2604 terrae
715 2574 825 2602 motus
849 2568 1007 2611 agitavit,
1030 2569 1157 2610 (1800)
1179 2569 1279 2612 isque
1302 2566 1493 2602 mortalium
1515 2574 1691 2599 numerum

243 2612 417 2656 ingentem
440 2613 566 2650 hausit.
615 2618 796 2659 praeterea
817 2614 953 2646 morbus
977 2612 1143 2658 pestilens
1167 2614 1336 2648 exitiosus
1350 2639 1360 2656 ,
1394 2611 1463 2645 late
1486 2622 1549 2655 per
1571 2610 1690 2643 orbem

244 2668 419 2701 grassans,
442 2659 569 2693 afflixit
588 2661 717 2701 urbes;
741 2669 805 2693 neo
827 2669 929 2703 porro
951 2658 1106 2691 narranti
1129 2659 1211 2692 mihi
1234 2665 1423 2704 supputare
1444 2655 1691 2689 exstinctorum

245 2703 302 2736 lue
326 2702 494 2737 hominum
517 2704 601 2739 licet
622 2715 808 2738 numerum.
855 2703 982 2746 (1805)
1004 2714 1133 2737 summa
1156 2704 1258 2738 etiam
1286 2705 1392 2737 hiems
1416 2707 1453 2735 et
1470 2699 1691 2744 gravissima,

247 2752 418 2794 quotquot
452 2749 612 2794 fuerunt,
648 2749 768 2795 regiae
799 2748 878 2783 urbi
909 2748 1073 2793 ingruens
1104 2747 1308 2794 permultum
1342 2747 1421 2782 huic
1451 2745 1691 2780 detrimentum
