1786 3080
218 129 316 176 288
766 129 1118 175 EPHRAEMIUS

351 240 486 286 καινόν
505 259 546 284 τε
566 247 696 298 τεῖχος
713 241 842 302 ῥᾷστα
861 239 1152 300 καθῃρηκότες,

353 310 519 368 ἐξῄεσαν
535 311 738 367 τρέχοντες
755 311 906 361 ἀκλεῶς
923 309 1042 352 πάνυ.

357 380 565 434 ἀντίμαχοι
587 379 652 429 δέ,
686 383 764 437 φεῦ
781 379 894 433 ξένης
908 378 1145 436 τραγῳδίας,

357 447 639 504 διασπαρέντες
659 451 843 503 πολλαχῇ
861 448 1105 498 Βυζαντίδος

223 519 335 561 7090
356 520 506 559 συλῶσι
523 514 784 572 λῃστρεύουσι
804 515 992 570 λαμπρὰς
1011 515 1150 563 οἰκίας,

358 586 424 626 καὶ
443 583 573 626 πάντα
590 584 640 626 τὰ
653 585 837 639 χείριστα
857 585 982 639 δρῶσι
999 583 1073 636 τὴν
1093 580 1220 622 πόλιν.

359 653 736 707 κατακρατοῦσι.καὶ
751 652 965 705 βασιλείων
983 649 1134 704 δάμιον,

360 720 429 763 τὸν
446 720 576 762 τοῖσδ’
600 718 738 762 ἐνόντα
756 723 928 762 πλοῦτον
943 715 1231 765 ἕσκυλευκότες.

360 787 462 839 ἅναξ
483 788 525 830 δ’
549 787 690 843 ἀγυιὰς
710 786 895 844 τριόδους
911 786 1150 843 περιτρέχων

225 859 335 901 7095
360 855 522 899 ἔσπευδε
543 856 642 898 λαὸν
659 857 900 912 συναγείρειν
916 857 971 905 εἷς
986 855 1077 904 ἴλας

359 925 460 981 πρὸς
476 922 785 978 ἀντιπαράταξιν
801 922 1064 966 ὑπεναντίων·

364 993 403 1035 οἳ
423 993 464 1034 δ’
485 993 557 1047 οὐχ
572 990 732 1034 ὑπεῖκον
749 992 939 1048 κρείττον’
961 989 1227 1047 ὖφηγουμένῳ

364 1063 429 1103 καὶ
445 1061 701 1117 συμφέροντα
718 1062 784 1102 καὶ
803 1061 917 1116 σφίσι
935 1061 1002 1101 καὶ
1020 1062 1070 1115 τῇ
1084 1057 1212 1104 πόλει,

362 1133 443 1172 τῶν
464 1130 609 1171 οὐσιῶν
629 1128 669 1170 δ’
691 1129 857 1179 ἕκαστος
874 1125 1084 1183 ηὗτούργει
1101 1124 1224 1179 τάχος

229 1201 339 1242 7100
363 1196 581 1251 μετάθεσίν
602 1213 643 1239 τε
663 1198 728 1239 καὶ
745 1195 972 1250 κατάχωσιν
988 1195 1119 1237 πλέον.

365 1266 462 1307 ἰδὼν
480 1266 521 1307 δ’
544 1264 565 1306 ὃ
585 1264 749 1315 Δούκας
768 1263 823 1315 ὡς
839 1263 973 1319 ὄνησις
989 1263 1061 1306 οὐκ
1078 1262 1147 1313 ἔνι,

365 1333 392 1390 ἢ
411 1335 477 1376 καὶ
498 1333 640 1384 δεδιὼς
658 1332 756 1389 ὑπὲρ
779 1330 904 1376 αὑτοῦ
918 1330 1109 1381 πλειόνως

365 1402 423 1458 μὴ
443 1403 654 1456 συσχεθεὶς
673 1403 811 1444 τίσειεν
828 1401 982 1451 ἀθλίως
998 1401 1125 1450 δίκας,

366 1471 461 1520 τοὺς
479 1471 708 1523 βασιλείους
726 1469 951 1526 εῗσδραμών
967 1468 1178 1523 λαμπροὺς
1195 1464 1359 1520 δόμους,

231 1538 342 1584 7105
363 1539 556 1592 βασιλίδα
573 1538 821 1593 παραλαβὼν
837 1535 1104 1594 Εὐφροσύνην

366 1607 441 1648 σὺν
458 1604 686 1662 θυγατράσι
702 1605 742 1648 τ’
767 1604 954 1658 ἐμβαλών
974 1604 1191 1661 λεμβαδίῳ,

368 1672 491 1723 ἁλοὺς
509 1678 606 1727 μιᾶς
624 1673 739 1729 ἔρωτι
755 1672 906 1716 τούτων
926 1671 1113 1722 ἐκτόπως,

368 1742 486 1792 ἔξεισι
505 1739 661 1798 φεύγων
678 1742 852 1796 πατρίδα
869 1741 1113 1793 Βυζαντίδα,

368 1809 471 1865 ἀνὴρ
489 1807 680 1865 ῧπάρχων
700 1809 856 1865 ἀρεΐκὸς
875 1810 915 1851 ἓν
933 1806 1098 1863 μάχαις,

235 1881 347 1921 7110
370 1877 535 1934 στερρὸς
552 1876 736 1933 μαχητής
744 1910 756 1928 ,
784 1875 994 1933 γεννάδας,
1021 1875 1241 1933 ῥωμαλέος,

369 1947 639 2004 σοφισματιάς
654 1947 875 2004 κρυψίνους
890 1962 932 1988 τε
949 1944 1018 1988 τὸν
1037 1943 1200 2001 τρόπον,

453 2075 544 2112 7096
564 2072 660 2120 πρὸς
682 2071 727 2110 δ’
747 2071 870 2110 α’ντιπ.
893 2073 928 2108 V
1061 2071 1152 2109 7105
1175 2069 1238 2106 καὶ
1261 2070 1432 2116 βασιλίδα
1451 2070 1485 2105 V

236 2199 394 2232 auream,
417 2199 508 2222 novo
532 2187 669 2222 deiecto
693 2185 881 2221 festinatim
902 2197 1019 2231 muro,
1042 2185 1166 2220 misere
1187 2186 1282 2220 foras
1301 2189 1411 2220 semet
1429 2182 1684 2230 proripiebant.

238 2241 274 2268 at
295 2234 448 2277 inimici,
480 2234 549 2267 heu
571 2232 746 2277 lugubrem
770 2232 1000 2277 tragoediam!
1035 2232 1105 2266 late
1127 2231 1285 2278 palantes
1306 2230 1435 2276 passim
1483 2242 1523 2264 er
1542 2230 1685 2274 Byzan-

236 2281 322 2315 tium
355 2279 483 2323 (7090)
512 2278 747 2314 latrocinando
776 2279 927 2323 spoliant
957 2277 1119 2312 nobilium
1150 2277 1269 2311 domos
1293 2277 1379 2311 nibil
1400 2243 1585 2310 nefgndum
1604 2274 1685 2310 urbi

238 2338 306 2359 non
341 2325 511 2359 efficiunt.
557 2323 665 2368 regali
698 2334 836 2369 quoque
867 2329 1034 2368 occupato
1064 2323 1216 2368 palatio,
1248 2323 1398 2356 inclusas
1429 2332 1513 2367 opes
1545 2320 1700 2366 penitus·
1733 2352 1735 2354 ,

237 2371 418 2416 diripiunt.
466 2371 596 2405 Caesar
626 2369 758 2415 plateas
792 2369 966 2414 triviaque
995 2380 1199 2415 percurrens
1224 2369 1347 2411 (7095)
1370 2367 1566 2402 centuriam
1590 2365 1684 2400 nite-

236 2418 341 2451 batur
363 2416 545 2461 populum,
572 2416 808 2459 suadebatque
831 2421 870 2449 ut
892 2415 1049 2449 hostibus
1071 2414 1295 2448 resisterent:
1317 2419 1354 2448 at
1373 2413 1519 2447 meliora
1539 2411 1686 2447 consilia

239 2474 336 2496 nemo
361 2462 542 2506 audiebat,
578 2460 765 2506 quamlibet
787 2460 865 2494 urbi
889 2466 924 2494 et
947 2460 1015 2494 sibi
1038 2460 1237 2506 profutura,
1269 2459 1330 2493 sed
1354 2458 1590 2503 unusquisque
1610 2456 1686 2490 suis

238 2508 363 2552 raptim
394 2507 517 2551 opibus
549 2509 673 2550 (7100)
695 2506 858 2540 studebat
877 2506 1128 2540 transferendis
1150 2510 1210 2539 aut
1231 2504 1456 2540 infodiendis.
1501 2513 1578 2538 cum
1601 2512 1686 2545 ergo

238 2553 354 2587 Ducas
383 2553 487 2586 hilum
512 2564 581 2586 non
603 2553 809 2598 proficeret,
839 2552 975 2597 sibique
1006 2551 1229 2586 vehementer
1250 2551 1318 2584 iam
1338 2550 1476 2584 timeret
1497 2560 1541 2583 ne
1563 2553 1686 2591 eaptus

242 2609 369 2642 graves
404 2610 534 2642 poenas
573 2597 666 2631 hosti
704 2596 837 2640 lueret,
881 2597 998 2641 regias
1037 2597 1082 2631 ad
1122 2597 1226 2630 aedes
1260 2595 1451 2630 festinatim
1488 2592 1687 2636 convolans,

243 2645 367 2687 (7105)
400 2650 506 2688 atque
538 2643 632 2677 illinc
662 2648 829 2686 sumptam
860 2642 1124 2687 Euphrosynem
1155 2642 1309 2686 reginam
1339 2651 1448 2687 parvo
1479 2639 1516 2673 in
1543 2638 1688 2684 phaselo

243 2699 318 2722 cum
339 2688 476 2723 filiabus
499 2689 683 2732 collocans,
705 2698 845 2732 quarum
870 2698 969 2721 unam
992 2689 1070 2732 ipse
1090 2687 1246 2722 efflictim
1268 2685 1459 2732 deperibat,
1484 2683 1582 2719 exsul
1605 2695 1689 2728 pro-

243 2734 336 2778 fugit
360 2734 474 2778 patria
495 2735 687 2778 Byzantio,
714 2733 771 2766 vir
793 2733 868 2766 sine
891 2733 995 2767 dubio
1019 2739 1179 2768 strenuus
1201 2733 1238 2767 in
1260 2731 1424 2778 proeliis,
1455 2731 1582 2773 (7110)
1605 2740 1690 2762 con-

244 2785 340 2814 stans
358 2779 525 2825 bellator,
557 2779 809 2825 magnanimus,
845 2778 966 2823 fortis,
999 2778 1163 2824 callidus,
1195 2783 1231 2813 et
1254 2777 1398 2812 consilia
1418 2775 1532 2811 celare
1554 2774 1690 2820 solitus,
