1786 3080
256 165 357 214 292
809 167 1166 212 EPHRAEMIUS

393 279 551 323 νεανίαν
572 276 807 331 κάλλιστον,
842 277 993 336 ὡραῖον
1012 277 1146 336 φύσει,

394 351 614 405 φιλευσεβῆ
629 364 674 390 τε
696 350 763 390 καὶ
785 346 1044 405 φιλόχριστον
1066 348 1170 397 λίαν,

392 416 545 472 πραῧν,
579 413 742 472 ἱλαρόν,
773 417 1107 473 σωφρονέστατον
1124 413 1252 470 μάλα,

256 488 370 530 7190
391 486 539 540 μερίδα
555 486 621 526 καὶ
639 485 825 538 μέλλοντι
846 482 1010 527 διδόντα
1028 486 1121 541 βίῳ,

374 551 553 595 ’πολλῶν
569 560 732 607 ταμεῖον
752 554 905 610 ἀρετῶν
923 551 1169 603 θεοσδότων,

389 621 556 674 μάλιστ’
579 621 752 677 ἐραστὴν
770 619 1039 678 σωφροσύνης
1057 624 1122 663 καὶ
1146 621 1271 675 δίκης,

391 687 446 739 ὡς
466 688 540 743 εἶχε
560 691 623 739 δὶς
642 687 798 746 κήρυκα
816 695 889 744 τῆς
907 688 1138 743 ἑβδομάδος

391 758 511 812 τορὸν
527 762 686 810 βοῶντα
704 758 761 812 μὴ
781 756 997 801 καθεύδειν
1015 759 1172 813 μηδένα

254 830 365 871 7195
381 831 470 882 ,τῶν
489 827 704 878 βασιλείων
723 826 890 868 ἔνδοθεν
908 827 1010 868 καθ’
1037 825 1208 882 ἑσπέραν

389 894 516 948 μηδὲν
537 895 694 951 νομίμῳ
714 896 868 950 γυναικὶ
889 895 1154 949 συνημμένον,

385 961 514 1018 πόρνῃ
539 962 580 1004 δ’
608 963 803 1016 ἀθέσμως
825 967 1024 1016 συμβιοῦν
1043 961 1255 1018 ᾑρημένον.

386 1025 437 1084 ἦν
457 1032 522 1071 καὶ
547 1029 682 1086 φύλαξ
698 1028 834 1084 νόμων
854 1047 895 1073 τε
918 1032 1031 1085 δίκης
1049 1031 1088 1072 τ’
1110 1028 1292 1084 ἐννόμου,

385 1100 540 1154 γυναικὶ
563 1105 751 1152 προσχεῖν
771 1099 819 1141 οὗ
841 1097 1022 1153 θελήσας
1041 1098 1132 1139 οὐδ’
1159 1097 1277 1147 ὅλως,

249 1171 362 1212 7200
385 1168 487 1221 μηδ’
511 1165 561 1208 ἄν
581 1167 700 1223 μέχρι
721 1167 954 1221 βλέμματος
976 1167 1158 1221 ἕμπαθεΐ
1176 1166 1271 1224 θέα,

388 1234 483 1277 ὅσον
502 1252 575 1290 περ
597 1235 703 1289 ἀπῆν
720 1240 793 1290 τῆς
811 1233 1000 1277 συνεύνου
1017 1235 1086 1278 τὸν
1098 1232 1260 1289 χρόνον.

470 1302 749 1359 Αὐτοκράτωρ
766 1297 838 1346 οὖν
858 1303 1112 1357 ἀναδειχθεὶς
1129 1301 1184 1353 ὡς
1203 1302 1318 1359 ἔφην,

386 1368 531 1420 ἔξεισιν
555 1369 640 1414 εἶτα
660 1371 763 1428 πρὸς
783 1371 886 1428 μέρη
910 1376 982 1426 τῆς
1005 1370 1190 1428 ἑσπέρας,

386 1438 460 1492 οὐχ
481 1437 535 1489 ὦς
552 1438 765 1496 κρατήσων
779 1442 905 1483 τῶνδε
926 1444 999 1495 τῆς
1015 1438 1151 1495 μάχης
1167 1436 1294 1497 νόμῳ,

251 1507 363 1550 7205
389 1507 481 1548 ἀλλ’
503 1510 572 1549 ἵνα
590 1511 756 1564 γνωσθῇ
774 1508 966 1562 βασιλεὺς
989 1506 1252 1564 αὐτοκράτωρ

386 1576 451 1616 καὶ
475 1580 740 1633 προσκυνηθῇ
758 1581 857 1619 πᾶσι
878 1583 962 1627 τοῖς
977 1574 1183 1631 ὑπηκόοις.

384 1643 503 1685 ταῦτ’
530 1642 612 1698 ἄρα
635 1642 771 1699 τάγμα
792 1649 1049 1700 στρατιωτῶν
1070 1641 1270 1686 Αὐσόνων

385 1713 468 1752 δεῖν
486 1710 558 1753 οὐκ
577 1710 703 1768 ἔκρινε
722 1712 1032 1769 προσλαβέσθαι
1051 1709 1244 1762 συνόλως.

385 1780 441 1828 εἷς
455 1781 668 1835 Ἀδριανοῦ
687 1780 760 1834 τὴν
780 1778 896 1822 πόλιν
916 1780 959 1822 δ’
984 1780 1204 1837 ἀφιγμένος

250 1848 362 1889 7210
387 1849 454 1889 καὶ
475 1847 548 1901 τὴν
571 1849 774 1890 Φιλίππου
798 1846 1007 1907 Θριιικικάς
1025 1849 1063 1891 τ’
1091 1847 1219 1899 ἄλλας
1239 1845 1387 1899 πόλεις,

384 1916 452 1957 καὶ
475 1918 613 1958 ταῖσδε
633 1916 818 1973 φρουρὰν
837 1917 1026 1970 ἐμβαλὼν
1045 1917 1088 1958 ἐκ
1106 1918 1314 1968 Λατίνων,

389 1983 690 2039 Θεσσαλονίκην
707 1983 1011 2038 καταλαμβάνει
1025 1984 1155 2028 πόλιν.

467 2112 559 2148 7193
583 2106 656 2152 33?

247 2228 399 2260 scentem
427 2224 540 2259 forma
568 2224 788 2270 praeditum,
823 2225 916 2271 pium
944 2231 980 2261 et
1001 2225 1146 2261 Christo
1168 2224 1315 2261 maxime
1347 2223 1536 2269 devotum,
1568 2221 1714 2258 hilarem

248 2270 362 2304 mitem
385 2271 611 2316 apprimeque
633 2276 775 2314 castum,
802 2271 928 2316 (7190)
948 2271 1180 2316 eleemosynis
1201 2272 1306 2305 etiam
1326 2270 1573 2315 indulgentem,
1594 2279 1713 2303 cumu-

248 2316 355 2349 latum
390 2316 506 2350 multis
528 2327 550 2350 a
572 2316 638 2349 deo
662 2316 872 2359 virtutibus,
909 2319 971 2352 sed
1005 2317 1173 2362 pudicitia
1196 2316 1231 2350 in
1255 2316 1376 2362 primis
1399 2327 1440 2350 ac
1462 2315 1610 2350 iustitia.
1657 2314 1715 2347 hic

249 2373 314 2407 per
339 2373 545 2406 praeconem
565 2361 621 2395 bis
643 2361 679 2395 in
705 2362 920 2397 hebdomada
947 2364 1096 2397 maxima
1117 2373 1204 2397 voce
1227 2362 1371 2397 iubebat
1393 2361 1486 2396 edici
1518 2359 1645 2404 (7195)
1668 2370 1714 2392 ne

250 2406 329 2451 quis
353 2407 388 2440 in
411 2408 509 2452 regia
533 2412 636 2441 noctu
659 2407 850 2450 cubitaret,
885 2409 946 2453 qui
969 2421 1038 2443 non
1061 2409 1266 2442 coniunctus
1289 2407 1431 2452 coniugi
1451 2406 1628 2451 legitimae
1649 2404 1714 2438 sed

250 2452 427 2487 meretrici
458 2459 579 2487 contra
601 2453 656 2486 fas
679 2453 897 2487 conviveret.
945 2462 1022 2488 erat
1045 2460 1082 2488 et
1102 2455 1215 2499 legum
1238 2453 1464 2497 iustitiaeque
1486 2456 1625 2493 custos,
1658 2450 1712 2483 fe·

250 2498 374 2531 minam
394 2498 552 2543 quamvis
568 2509 715 2532 renuens
730 2498 916 2542 attingere,
939 2500 1066 2544 (7200)
1081 2511 1146 2534 nec
1162 2499 1338 2534 teneriore
1353 2503 1522 2533 contuens
1533 2497 1713 2541 adspectu,

250 2544 413 2587 quamdiu
436 2544 580 2589 propria
602 2543 672 2578 tori
696 2544 792 2577 socia
815 2546 967 2580 abesset.

340 2589 441 2633 Ergo
464 2590 655 2635 imperator
677 2589 807 2623 electus
832 2590 1021 2624 Balduinus
1043 2590 1130 2624 abiit
1151 2601 1195 2624 ex
1216 2590 1303 2624 urbe
1325 2588 1370 2623 ad
1393 2592 1511 2634 partes
1534 2585 1712 2630 occiduas,

250 2632 343 2667 haud
369 2640 530 2679 tanquam
555 2635 633 2669 illas
658 2645 773 2680 pugna
797 2636 1026 2678 subacturus,
1065 2635 1188 2678 (7205)
1213 2635 1276 2669 sed
1297 2634 1488 2679 imperator
1508 2631 1629 2666 volens
1651 2642 1713 2665 sa-

247 2677 353 2712 lutari
387 2681 626 2725 obsequioque
660 2692 682 2713 a
713 2681 847 2713 cunctis
879 2681 947 2714 coli
982 2680 1144 2715 subditis.
1191 2691 1300 2725 quare
1329 2691 1395 2714 nec
1420 2677 1550 2712 veteris
1577 2675 1716 2722 imperii

248 2723 375 2758 milites
406 2725 443 2758 in
473 2737 569 2760 suum
594 2725 704 2760 voluit
730 2726 904 2759 conscribi
926 2726 1129 2760 exercitum.
1176 2723 1460 2770 Hadrianopolim
1485 2722 1715 2776 Philippopo-

245 2769 375 2813 limque
397 2771 526 2813 (7210)
549 2771 704 2815 aliasque
727 2771 771 2804 ad
796 2772 899 2804 urbes
923 2772 1102 2805 Thraciae
1125 2773 1327 2816 profectus,
1354 2771 1552 2812 Latinoque
1573 2769 1626 2801 his
1648 2779 1714 2801 nn-

245 2815 362 2860 posito
391 2816 589 2862 praesidio,
625 2816 910 2851 Thessalonicam
942 2822 1068 2862 postea
1090 2817 1285 2859 concessit3
1317 2816 1416 2851 cuius
1440 2814 1552 2849 omnis
1575 2813 1713 2848 obviam
