1786 3080
245 136 345 186 414
798 137 1146 183 EPHRAEMIUS

414 251 435 295 ὅ
460 251 502 295 δ’
527 251 696 303 ἆκλινῶς
714 249 893 309 ἥδραστο
916 249 1127 308 δογμάτων
1145 247 1278 305 βάσει.

413 319 648 375 ἐκβάλλεται
667 320 718 376 δὴ
737 325 811 364 τοῦ
829 318 981 378 θρόνου
1002 320 1102 375 μαλ’
1128 319 1290 371 ἀδίκως,

245 394 383 436 10320
412 389 467 440 ὥς
484 388 728 447 ὖπεραθλῶν
748 388 961 445 δογμάτων
979 388 1118 446 ὀρθῶν
1137 387 1253 444 ἄγαν,

411 461 467 509 εἷς
489 458 532 500 δ’
558 458 791 512 ἀλλοδαπὴν
814 454 1078 500 ἀπελαύνεται
1096 454 1250 511 χθόνα,

410 526 696 584 καθαιρετικὴν
717 530 862 584 ψῆφον
883 524 1175 582 ἇρχιποιμὲνων

411 594 705 650 σχεδιασάντων
729 595 831 637 κατὰ
855 594 970 637 τοῦδ’
997 594 1195 643 ἀναιτίως.

410 663 525 707 τοῦδ’
552 663 824 713 ἀπελαθέντος
846 664 890 705 δὲ
906 666 978 717 τῆς
998 662 1259 719 προστασίας,

243 736 378 778 10325
404 731 591 787 Ἰωάννης
609 749 670 782 τις
688 732 761 786 τὴν
779 732 981 786 ἐπίκλησιν
1000 731 1153 780 Βέκκος
1278 720 1280 722 V

349 857 361 866 ,
408 801 667 855 ἇντικατὲστη
678 832 691 851 ,
721 803 967 857 συμφρονῶν
986 805 1070 849 τοῖς
1084 798 1296 847 Λατίνοις,

408 870 619 924 ἐκκλησίας
642 867 698 911 ὢν
714 865 981 925 χαρτοφόλαξ
1003 868 1170 922 λευίτης,

411 938 511 993 ἀνὴρ
534 936 663 994 σοφός
683 954 764 988 τις,
792 936 1113 992 ἐντεθραμμένος
1134 932 1281 989 λόγοις.

407 1006 523 1048 τοῦδ’
549 1005 835 1059 ἓκὸιωχθέντος
856 1005 901 1046 δὲ
921 1009 994 1058 τῆς
1014 1004 1223 1058 ἐκκλησίας

241 1078 378 1119 10330
407 1073 535 1117 νεύσει
556 1078 797 1131 κρατοῦντος
819 1073 1007 1127 εὐσεβοῦς
1022 1072 1274 1128 Ἀνδρονίκου

409 1143 514 1200 ζήλῳ
531 1160 572 1185 τε
593 1146 765 1193 πιστῶν,
792 1139 848 1191 ὧς
865 1138 1079 1197 προμάχου
1095 1138 1304 1191 Λατίνων,

407 1211 527 1254 πάλιν
548 1210 697 1267 Ἰωσὴφ
724 1208 1001 1263 ἀπολαμβάνει
1023 1206 1191 1265 θρόνον.

495 1274 630 1336 Οῧπερ
652 1277 838 1328 λιπόντος
855 1277 925 1319 τὸν
943 1278 1033 1331 βίον
1051 1278 1120 1318 καὶ
1139 1275 1208 1318 τὸν
1228 1273 1393 1333 θρόνον,

408 1346 537 1405 σοφός
557 1365 617 1397 τις
640 1345 739 1403 ἀνήρ
750 1379 763 1398 ,
797 1347 838 1387 Γ
834 1344 1020 1403 ρηγόριος
1044 1342 1278 1401 Κυπρόθεν,

240 1416 376 1459 10335
407 1415 536 1471 λόγων
559 1419 698 1473 σοφῶν
717 1416 917 1468 μαιέυμα,
946 1415 1133 1456 ΖὶἸουσῶν
1155 1411 1282 1464 ἑστία,

409 1487 465 1534 εἷς
486 1488 746 1541 πατριαρχῶν
768 1480 1023 1537 ἀνεβιβάσθη
1043 1479 1214 1537 θρόνον·

410 1552 519 1602 ὅστις
537 1553 729 1607 πατρίδος
747 1553 812 1593 καὶ
831 1554 1027 1607 πατρικῆς
1044 1549 1171 1599 οῗκίας

408 1621 539 1677 φυγὰς
556 1619 740 1676 ὑπάρξας
760 1624 856 1668 παῖς
874 1618 930 1660 ἔτι
949 1634 1013 1659 πω
1032 1614 1238 1671 τυγχάνων

405 1687 651 1736 παιδεύσεως
674 1687 791 1742 ἔρωτι
814 1688 880 1727 καὶ
901 1682 1164 1740 μαθημάτων

240 1755 377 1800 10340
405 1756 539 1799 ἐλθών
556 1762 736 1797 κατοικεῖ
751 1754 853 1811 πρὸς
867 1752 984 1796 πόλιν
1002 1751 1324 1802 Κωνσταντίνου,

455 1875 567 1911 10330
582 1874 740 1909 nimirum
750 1871 971 1907 Andronicus
979 1870 1028 1916 Π,
1047 1880 1150 1916 quum
1161 1879 1305 1914 regnum
1317 1867 1440 1913 adiret,
1457 1866 1547 1902 adid
1560 1868 1700 1901 coactus

453 1921 522 1955 fuit
544 1921 698 1955 factione
721 1917 1038 1961 schismaticorum,
1065 1922 1105 1951 ut
1127 1916 1274 1950 historia
1295 1913 1477 1948 notissima
1499 1913 1619 1947 tradit.
1645 1912 1698 1946 Μ.

458 1967 570 2002 10332
605 1966 686 2000 hinc
717 1976 828 2010 usque
863 1964 908 1998 ad
938 1975 976 1998 v.
1002 1961 1115 1997 10354
1147 1960 1259 1996 edidit
1280 1959 1473 1995 versiculos
1496 1958 1640 1993 Allatins
1661 1956 1701 1991 in

457 2023 516 2057 op.
551 2013 596 2046 de
626 2022 722 2046 cons.
757 2022 794 2055 p.
819 2010 907 2051 776,
945 2014 982 2043 et
1004 2008 1043 2042 in
1069 2006 1317 2042 dissertatione
1345 2006 1389 2039 de
1420 2005 1605 2049 Georgiis,
1637 2002 1700 2037 ubi

458 2057 533 2102 agit
565 2058 609 2092 de
640 2056 841 2102 patriarcha
873 2053 1029 2100 Geor-gio
1053 2053 1207 2098 Cyprio,
1243 2052 1304 2097 qui
1327 2051 1456 2085 dicitur
1479 2051 1582 2084 etiam
1605 2049 1699 2083 Gre-

455 2102 588 2147 gorius.
624 2101 772 2136 Allatius
796 2105 908 2135 autem
930 2100 1081 2145 legebat,
1103 2110 1167 2134 seu
1190 2103 1286 2133 certe
1309 2097 1447 2142 edebat,
1470 2107 1544 2130 που
1561 2106 1624 2142 pro
1639 2104 1699 2128 πω

457 2154 492 2183 et
517 2146 650 2188 ἐνδούς
671 2159 734 2192 pro
761 2144 905 2186 ἐκδούς.
930 2146 981 2183 Μ.

237 2259 441 2284 consensum
473 2249 512 2284 vi
542 2247 834 2294 compellebatur,
868 2247 930 2282 sed
955 2246 1111 2294 perstitit
1133 2245 1292 2280 immotus
1319 2244 1358 2279 in
1387 2243 1467 2279 basi
1488 2243 1697 2288 dogmatum.

236 2295 378 2343 pellitur
413 2307 496 2340 ergo
532 2296 616 2330 sede
648 2293 778 2329 iudicio
812 2293 953 2338 iniquo,
987 2292 1135 2336 (10320)
1167 2296 1355 2337 propterea
1385 2290 1480 2334 quod
1508 2299 1572 2334 pro
1601 2292 1698 2322 recto

237 2346 410 2386 pugnaret
432 2342 613 2386 dogmate,
642 2345 748 2385 atque
769 2338 806 2372 in
830 2346 1030 2373 extraneum
1054 2339 1257 2382 deportatur
1278 2336 1404 2379 solum,
1430 2339 1612 2380 postquam
1634 2343 1700 2378 pa·

237 2392 353 2421 stores
393 2387 495 2432 primi
539 2392 662 2421 contra
693 2387 876 2419 innocuum
908 2383 1138 2430 depositionis
1170 2382 1322 2417 tulerant
1355 2380 1572 2415 sententiam.
1619 2381 1701 2424 post

238 2433 331 2466 hunc
353 2440 519 2467 remotum
543 2443 672 2467 summo
696 2430 947 2477 gubernaculo,
970 2430 1119 2474 (10:325)
1140 2429 1287 2463 Ioannes
1311 2426 1449 2471 quidam
1471 2427 1699 2470 cognomento

240 2478 378 2512 Veccus
412 2480 580 2513 suffectus
614 2482 685 2522 est,
720 2476 941 2510 consentiens
964 2487 1039 2509 cum
1064 2474 1221 2518 Latinis,
1256 2471 1506 2517 chartophylax
1531 2469 1700 2504 ecclesiae

242 2535 285 2558 ac
309 2523 439 2567 levita,
478 2524 534 2558 vir
558 2535 642 2558 sane
666 2523 805 2567 sapiens
829 2526 864 2555 et
886 2521 998 2556 literis
1021 2520 1221 2554 innutritus.
1268 2519 1332 2552 sed
1356 2518 1446 2551 hunc
1467 2515 1614 2550 ecclesia
1635 2525 1698 2559 pe-

242 2569 334 2615 pulit
354 2569 507 2603 fidelium
531 2569 624 2603 zelus
652 2568 802 2611 (10330)
823 2571 859 2600 et
882 2567 932 2612 pii
954 2566 1134 2611 regnantis
1157 2569 1260 2599 nutus
1281 2561 1471 2597 Andronici
1494 2565 1533 2596 ut
1554 2558 1699 2595 Latina-

243 2626 319 2649 rum
341 2615 490 2659 partium
513 2615 723 2655 studiosum3
751 2618 787 2647 et
808 2624 903 2646 suam
927 2612 1061 2658 recepit
1083 2610 1279 2645 cathedram
1301 2608 1483 2654 Iosephus.

337 2661 417 2701 Quo
443 2662 638 2704 deponente
664 2671 739 2693 cum
761 2658 879 2692 officio
905 2659 1028 2701 vitam,
1054 2655 1248 2700 Gregorius
1270 2654 1409 2701 sapiens
1430 2653 1507 2694 vir,
1533 2649 1698 2684 oriundus

245 2706 387 2751 Cypro,
424 2706 572 2749 (10335)
606 2705 759 2739 alumnus
791 2703 1041 2748 doctrinarum,
1075 2703 1254 2737 Musarum
1287 2711 1368 2742 ara,
1401 2699 1445 2733 ad
1478 2694 1700 2742 patriarchae

245 2751 451 2796 dignitatem
482 2751 591 2787 venit.
639 2750 697 2784 hic
725 2748 848 2795 patriis
875 2749 1005 2783 laribus
1029 2748 1212 2793 patrioque
1236 2746 1308 2780 solo
1331 2745 1398 2778 iam
1422 2743 1503 2777 inde
1526 2752 1547 2774 a
1568 2739 1699 2774 teneris

246 2797 408 2832 exsulans
441 2796 656 2841 unguiculis,
690 2794 975 2832 addiscendarum
1008 2794 1152 2840 cupidus
1175 2791 1435 2837 disciplinarum
1463 2786 1612 2832 (10340)
1634 2784 1699 2820 mi-
