1786 3080
260 147 365 196 294¹
806 136 1163 196 EPHRAE‘nssus

260 261 370 306 7240
473 263 557 306 Καὶ
580 253 829 314 Βαλδουῗνος
852 265 894 307 ἐν
916 261 1030 307 πόλει
1054 264 1272 322 διατρίβων

396 331 606 389 πέπομφεν
620 332 767 389 Ἐρρῆν
787 331 979 389 σύγγονον
998 333 1101 391 πρὸς
1120 333 1194 388 τὴν
1214 333 1268 376 ἕω

396 401 464 443 καὶ
484 400 644 458 Πέτρον
664 399 795 459 ἄνδρα
815 399 1029 457 γεννάδαν,
1063 401 1270 459 ῥωμαλέον

398 466 573 523 ἡρωϊκόν
592 486 635 511 τε
655 468 728 523 τὴν
751 469 859 527 φυὴν
882 471 947 511 καὶ
970 469 1016 512 τό
1042 469 1203 520 σθ’ένος.

399 536 478 593 ἀφ’
507 531 563 579 ὧν
582 537 729 595 Ἔρρῆς
751 538 825 592 μὲν
847 538 1092 595 προσλαβὼν
1115 539 1350 594 συμμαχίαν

263 604 372 649 7245
399 606 441 655 ἐξ
454 604 670 662 Ἀρμενίων
687 610 768 649 τῶν
787 606 950 649 ἐνοίκων
970 604 1170 663 Τρωάδος

393 670 534 730 χώρας
554 671 700 716 ἐκάκου
722 674 921 732 κατέκειρε
942 677 1010 717 καὶ
1029 672 1166 726 πόλεις

399 742 449 784 (ιῖ
462 742 589 797 μηδὲν
608 739 831 786 ὖπὲκυπτον
846 744 1010 786 Ἰταλῶν
1031 742 1182 800 κράτει,

401 810 470 852 διὰ
490 811 534 853 δὲ
552 814 711 865 τεμπῶν
730 814 796 854 καὶ
817 815 963 855 στενῶν
982 816 1062 854 τῶν
1081 816 1154 867 τῆς
1165 810 1277 868 Ἴδης

379 875 458 929 ἐἷς
475 878 549 934 τὴν
562 879 779 930 Ἠετίωνος
796 877 1001 936 πεῳθάκει
1019 878 1149 922 πόλιν.

264 946 375 991 7250
400 948 442 998 ἐξ
464 946 605 998 ἄστεος
622 947 784 1004 Πέτρος
805 948 848 990 δὲ
867 949 1021 1003 Πηγῶν
1045 946 1207 1006 ἀπάρας

397 1014 461 1071 ᾔει
480 1015 582 1073 πρὸς
599 1014 820 1058 Λοπάδιον
840 1015 1013 1073 εὐχερῶς
1033 1014 1172 1058 πόλιν·

402 1078 436 1141 ᾧ
455 1085 548 1141 πρὶν
569 1083 754 1140 ἀπήντων
767 1082 986 1138 Ῥωμαϊκαὶ
1007 1082 1196 1139 δυνάμεις

405 1149 622 1209 Θεοδώρου
643 1151 841 1208 Λάσκαρι
860 1150 1091 1210 κρατάρχου
1109 1151 1214 1206 τότε,

403 1224 458 1271 εἷς
475 1220 694 1276 ἅντίμαχον
711 1215 754 1264 εὖ
769 1220 906 1276 μάχην
926 1219 1187 1276 ὡπλισμέναι,

266 1287 375 1330 7255
402 1289 442 1331 ἓν
463 1291 714 1348 Ποιμανηνῷ
729 1290 868 1348 χωρίῳ
889 1290 1128 1348 κεκλημένῳ.

404 1355 488 1400 εἶτα
508 1359 705 1401 Λατίνων
723 1358 800 1400 οὐκ
816 1359 1044 1414 ἕνεγκοῧσαι
1065 1357 1214 1408 σθένος

404 1425 556 1484 ᾤχοντο
578 1427 719 1470 λοιπὸν
738 1428 793 1476 εἷς
812 1427 945 1483 φυγὴν
960 1427 1244 1484 τετραμμέναι,

402 1500 547 1551 κρατεῖ
557 1495 601 1537 δὲ
616 1495 776 1551 Πέτρος
792 1495 965 1552 εὐχερῶς
980 1496 1202 1538 Λὸπαδιόυ
1236 1538 1254 1548 Δ,

402 1563 446 1604 ἐκ
467 1561 653 1618 γειτόνων
673 1562 805 1605 ἄλλων
822 1580 863 1605 τε
883 1567 1032 1606 λοιπῶν
1054 1563 1220 1606 ἀστέων.

269 1632 379 1673 7260
402 1632 484 1673 ἐπεὶ
507 1631 552 1673 δὲ
571 1628 810 1688 προσβάλειε
831 1632 900 1674 καὶ
917 1630 1092 1688 Προύσῃ
1114 1630 1240 1682 πόλει,

405 1697 664 1754 ἀνηνηνῦτοις
686 1697 851 1754 ἔγνωκεν
873 1700 1060 1755 ἐγχειρεῖν
1080 1697 1236 1754 μάτην·

405 1767 651 1822 μεθίσταται
671 1771 769 1823 γοῦν
789 1766 1019 1810 καταλιπὼν
1041 1767 1114 1822 τὴν
1134 1766 1264 1810 πόλιν.

408 1836 660 1893 Προυσαιόις
681 1835 721 1878 δ’
744 1835 815 1885 ἴσα
837 1837 904 1877 καὶ
928 1836 1187 1893 Φιλαδέλφου
1210 1834 1326 1888 πόλις

410 1904 594 1955 δουλείας
614 1902 818 1954 ἀνάλωτος
835 1903 999 1947 Ἰταλῶν
1017 1904 1149 1960 μένει·

274 1971 383 2013 7265
413 1970 627 2031 Θεόδωρος
646 1972 723 2030 γὰρ
742 1973 987 2031 Μαγκαφᾶς
1003 1990 1064 2025 τις
1083 1972 1312 2028 τοῦπίκλην,

493 2101 583 2138 7241
603 2099 676 2146 τὴν
701 2112 756 2136 om
779 2101 812 2135 V

369 2214 497 2260 (7240)
538 2214 680 2250 Interim
717 2214 908 2251 Balduinus
945 2214 983 2250 in
1016 2216 1103 2251 urbe
1137 2215 1293 2251 residens
1324 2215 1469 2251 fratrem
1498 2214 1659 2252 Erricum
1691 2216 1736 2251 ad

279 2260 448 2295 orientem
471 2260 566 2295 misit
588 2272 664 2296 cum
687 2260 794 2296 Petro
818 2262 902 2296 forti
926 2261 1141 2306 magnanimo
1167 2262 1265 2306 viro,
1287 2261 1442 2296 heroicis
1467 2262 1625 2308 praedito
1646 2261 1735 2297 viri-

278 2307 344 2340 bus
369 2311 406 2341 et
428 2310 577 2342 statura.
623 2306 770 2341 Erricus
793 2308 948 2353 quidem,
980 2309 1165 2342 roboratus
1191 2307 1320 2342 auxilio
1349 2307 1472 2351 (7245)
1498 2307 1736 2343 Armeniorum

279 2352 436 2387 Troadis
458 2352 667 2397 incdarum,
689 2358 803 2387 terras
826 2355 1008 2398 vastabat,
1031 2354 1135 2387 urbes
1159 2353 1364 2399 diripiebat,
1389 2364 1616 2398 quaecunque
1637 2353 1738 2388 Italis

282 2400 459 2443 negabant
479 2397 696 2442 obsequium.
730 2398 812 2433 dein
835 2411 898 2443 per
922 2400 1007 2433 Idae
1030 2399 1155 2434 montis
1178 2404 1344 2443 angustas
1366 2399 1486 2433 fauces
1509 2400 1553 2433 ad
1576 2399 1738 2433 Eetionis

284 2446 403 2478 urbem
438 2449 493 2479 est
524 2454 743 2490 progressus,
790 2445 914 2488 (7250)
950 2446 994 2479 de
1025 2444 1129 2489 Pegis
1153 2450 1266 2479 autem
1291 2446 1377 2479 urbe
1398 2445 1591 2489 procedens
1612 2444 1737 2479 Petrus

282 2489 410 2524 itinere
443 2491 613 2536 pergebat
641 2489 833 2535 Lopadium
864 2491 982 2533 facili3
1015 2490 1075 2525 ubi
1104 2491 1276 2524 Romanas
1307 2490 1450 2535 primum
1474 2489 1621 2524 offendit
1642 2489 1737 2524 vires

283 2537 347 2569 sub
390 2535 580 2570 Theodoro
622 2535 782 2581 principe
812 2535 986 2570 Lascareo
1022 2537 1067 2571 ad
1100 2536 1343 2571 decertandum
1377 2536 1564 2570 instructas
1596 2535 1740 2580 egregie

282 2581 410 2624 (7255)
434 2582 524 2615 haud
547 2581 668 2626 procul
688 2580 817 2627 oppido
837 2581 1058 2616 Poemaneno
1081 2582 1189 2617 dicto.
1237 2581 1303 2616 hae
1323 2587 1436 2615 tamen
1458 2581 1576 2615 robori
1591 2580 1740 2614 Latino-

283 2637 358 2659 rum
381 2626 531 2672 impares
555 2627 678 2661 castris
701 2631 827 2661 exutae
849 2627 886 2660 in
910 2629 1026 2672 sugam
1049 2639 1089 2662 se
1110 2627 1302 2669 dederunt3
1330 2627 1525 2670 Petrusque
1545 2625 1651 2660 facile
1673 2638 1737 2670 po-

283 2672 370 2705 titur
399 2672 559 2718 Lopadio
590 2678 696 2718 atque
725 2672 806 2706 hinc
836 2673 1004 2717 proximis
1035 2672 1113 2708 aliis
1145 2672 1361 2707 civitatibus.
1406 2671 1532 2715 (7260)
1566 2671 1628 2706 sed
1663 2683 1738 2706 cum

283 2716 492 2751 Prusensem
523 2729 662 2763 quoque
693 2723 865 2753 tentasset
898 2720 1037 2762 urbem,
1072 2718 1205 2753 irritam
1237 2719 1337 2753 novit
1366 2717 1486 2751 ludere
1516 2727 1556 2750 se
1585 2728 1738 2761 operam,

284 2763 364 2796 urbi
386 2762 551 2797 molestus
573 2775 638 2797 nec
660 2764 727 2798 suit
747 2763 889 2798 diutius.
937 2764 1071 2799 aemula
1097 2765 1230 2798 Prusae
1250 2762 1468 2807 Philadelphi
1490 2761 1614 2796 civitas
1637 2762 1738 2796 Lati-

285 2819 350 2843 nae
371 2808 535 2844 servituti
557 2809 650 2846 haud
672 2809 857 2846 subiacuit.
898 2811 1027 2855 (7265)
1051 2821 1129 2846 nam
1150 2809 1358 2845 Theodorus
1374 2808 1589 2853 Mancaphas
1607 2819 1736 2853 cogno-
