1786 3080
182 161 282 207 216
737 166 1088 213 EPHRAEMIUS
1132 181 1135 201 ³

317 281 396 319 τῶν
418 279 592 320 Σικελῶν
611 276 690 335 γὰρ
708 279 940 337 εἴσρυέντων
959 282 1015 331 εἷς
1031 277 1146 324 πόλιν

184 346 292 388 5205
314 343 469 399 ἡβηδὸν
489 344 732 403 ἐσφάττοντο
754 345 897 399 πάντες
918 353 976 406 τῷ
993 350 1113 406 ξίφει,

317 413 432 455 ἄλλοι
452 414 496 456 δὲ
516 413 634 457 πάλιν
652 413 900 459 ἕσκυλεόοντ’
923 417 1092 467 ἀθλίως.

315 488 496 538 γυναῖκες
510 480 718 540 ὑβρίζοντο
733 484 952 541 παρθένοις
968 483 1069 539 ἅμα,

316 552 381 592 καὶ
399 554 478 600 πᾶς
494 549 592 601 νεώς
609 567 669 602 τις
685 550 900 609 παρθενών
913 570 959 595 τε
980 554 1047 595 καὶ
1069 548 1194 606 δόμος

317 622 398 660 τῶν
415 617 527 661 ἔνδον
542 617 732 675 ἠρήμωτο
754 619 915 663 πάντων
933 621 1034 678 πρὸς
1051 621 1160 674 βίαν.

183 685 296 728 5210
318 691 431 729 πᾶσα
449 687 491 728 δ’
511 686 629 742 ἀγυιὰ
648 690 713 730 καὶ
731 688 932 739 στενωπὸς
946 690 1013 732 καὶ
1032 689 1171 745 τρίβος

319 752 639 812 αἷματοφόρτοις
657 750 708 811 ἦν
726 757 946 814 κεχραμένη
967 755 1138 813 λύθροις

317 823 385 887 xa}
406 824 644 879 νεκριμαίων
664 823 864 879 σωμάτων
883 825 1152 880 πεπλησμένη.

321 889 578 945 πανταχόθεν
595 896 691 948 γοῦν
711 890 868 950 δάκρυα
884 897 1039 949 θρῆνος
1057 890 1150 948 γόος

320 960 389 1000 καὶ
409 957 586 1010 κώκυτός
600 978 660 1011 τις
677 962 745 1003 καὶ
762 962 967 1019 τραγῳδία
985 961 1091 1015 ξένη,

187 1028 296 1071 5215
316 1027 385 1069 ἰ’να
403 1025 601 1079 καθάπαξ
621 1029 795 1072 συνελὼν
814 1029 859 1071 τὸ
880 1033 961 1071 πᾶν
981 1028 1143 1086 φράσω,

318 1097 386 1137 καὶ
406 1095 607 1152 συμμιγὴς
625 1100 757 1152 θροῧς
777 1096 1014 1151 ἀνεπέμπετ’
1038 1095 1208 1153 ἀθρόον.

321 1164 492 1206 τοιοῖσδ’
517 1163 757 1221 ἓτετρύχωτο
779 1163 959 1219 κακοῖςῆ
981 1163 1108 1216 πόλις.

400 1229 450 1275 Ὅ
469 1233 495 1273 δ
499 1231 512 1248 ²
529 1231 782 1290 Ἀνδρόνικος
797 1237 878 1276 τῶν
898 1237 1032 1276 κακῶν
1050 1233 1123 1276 οὐκ
1141 1230 1292 1288 ἠμέλει,

323 1298 419 1340 ἀλλ’
446 1296 513 1341 οἶα
535 1302 681 1352 δοῦλος
701 1301 874 1356 ἀτεχνῶς
885 1299 1099 1358 Ἐριννύων

191 1364 301 1407 5220
323 1365 350 1421 ἢ
372 1367 574 1421 Τελχίνων
594 1367 650 1411 ὢν
669 1367 872 1424 δαιμόνων
886 1368 1100 1426 ὑπηρέτης,

326 1433 450 1489 ἤγουν
475 1435 629 1491 ἀπηνὴς
641 1436 805 1491 ’Έχετος
825 1436 853 1492 ἢ
871 1436 1102 1493 Καμβύσης

326 1501 352 1556 ἢ
379 1500 564 1560 Φάλαρις
584 1504 722 1561 ἄγριος
738 1505 764 1559 ἢ
785 1503 1098 1562 Ταυροσκύθης,

325 1568 502 1624 ὑπήκοον
519 1576 598 1613 πᾶν
618 1572 846 1626 ἒκρεανόμει
864 1572 1003 1622 τάλας.

326 1635 551 1691 ὁμαίμονας
568 1639 640 1693 μὲν
657 1641 954 1693 Σεβαστιανοὺς
972 1638 1044 1682 δύο

194 1706 302 1748 5225
328 1710 461 1755 κακῶς
481 1706 636 1766 ἄναρτᾷ
654 1709 718 1749 καὶ
737 1711 916 1750 θανατοΐ
926 1712 983 1765 τῷ
1001 1706 1105 1767 ’ξύλῳ
1117 1721 1129 1732 ·

323 1772 494 1823 Ἀλέξιον
513 1775 556 1816 δὲ
571 1775 776 1829 Μανουὴλ
796 1778 922 1818 παῖδα
938 1773 1078 1827 νόθον,

330 1838 376 1882 ὃν
398 1839 472 1894 εἶχε
491 1842 677 1899 γαμβρὸν
696 1845 751 1893 εἷς
769 1843 978 1899 θυγατέρα
997 1843 1140 1898 νόθην,

331 1909 374 1958 ἐξ
393 1907 585 1962 ὀμμάτων
600 1912 761 1965 τίθησιν
778 1911 903 1969 ἀδίκῳ
922 1913 1026 1968 δίκῃ,

331 1978 399 2017 καὶ
421 1981 500 2020 τῶν
517 1975 590 2020 ὑπ’
615 1978 736 2021 αὐτὸν
755 1980 951 2036 ἓκτυφλοΐ
963 1978 1058 2028 τοὺς
1074 1977 1269 2033 βελτίους,

198 2039 309 2084 5230
335 2044 405 2086 ἵνα
426 2045 469 2086 δὲ
489 2046 558 2087 τὸν
576 2045 790 2100 Μάμαλον
805 2046 1072 2105 ὖπογραφὲων

199 2182 342 2206 narrare
373 2177 492 2217 queat.
539 2172 665 2207 Siculis
704 2173 795 2209 enim
830 2174 867 2208 in
903 2175 1022 2208 urbem
1045 2172 1315 2218 irrumpentibus
1347 2171 1472 2216 (5205)
1504 2172 1652 2218 puberes

198 2217 316 2251 cuncti
336 2219 569 2253 caedebantur
590 2219 719 2263 gladio,
743 2224 921 2254 matronae
941 2220 1166 2264 virginesque
1183 2218 1518 2261 dehonestabantur-3
1541 2218 1655 2252 omnia

200 2262 328 2307 templa
358 2267 394 2297 et
423 2263 683 2310 parthenopaea
711 2264 995 2310 despoliabantur
1023 2265 1179 2299 violenta
1209 2274 1330 2306 manu;
1365 2263 1488 2307 (5210)
1518 2262 1654 2308 plateae

200 2318 339 2352 omnes,
364 2309 588 2354 angiportus,
616 2309 696 2344 viae
718 2310 910 2344 morticinis
934 2310 1138 2355 corporibus
1161 2308 1285 2354 plenae
1308 2314 1427 2352 erant,
1451 2308 1656 2352 cruentique

199 2353 274 2386 tabi
296 2354 383 2388 rivis
405 2355 657 2390 redundabant.
704 2366 787 2399 ergo
810 2355 972 2389 lacrimae
996 2356 1147 2399 ubique,
1180 2354 1312 2397 luctus,
1335 2353 1484 2397 clamor,
1506 2353 1656 2388 ululatus
1708 2367 1711 2370 ⁴

202 2402 238 2431 et
260 2398 435 2434 horribilis
455 2400 655 2445 tragoedia:
678 2399 803 2443 (5215)
835 2401 886 2434 sic
910 2400 999 2435 enim
1022 2399 1143 2447 paucis
1163 2400 1281 2434 dicere
1302 2411 1377 2433 rem
1397 2398 1515 2433 verbis
1537 2399 1655 2440 iuvat3

202 2443 398 2520 mixlxtusque
427 2445 608 2481 ferebatur
636 2444 681 2480 ad
715 2445 846 2480 caelum
878 2446 1019 2481 clamor.
1068 2450 1174 2491 atque
1203 2444 1260 2479 his
1291 2444 1417 2479 civitas
1439 2445 1656 2479 atterebatur

200 2499 255 2521 ma
270 2500 311 2522 ts.

293 2534 339 2567 At
360 2534 579 2570 Andronicus
601 2535 763 2571 malitiam
783 2546 878 2570 suam
902 2548 970 2571 non
993 2534 1178 2580 desinens,
1208 2533 1292 2580 quin
1320 2534 1409 2569 adeo
1441 2545 1506 2568 ceu
1527 2533 1656 2568 Furia-

204 2588 279 2612 rum
303 2579 442 2622 quidam
464 2581 632 2627 famulus,
665 2581 790 2625 (5220)
822 2587 858 2615 et
889 2581 1142 2626 lymphatorum
1168 2581 1367 2615 daemonum
1387 2579 1566 2622 minister,
1597 2583 1658 2614 aut

204 2624 354 2659 crudelis
377 2626 534 2662 Echetus
556 2626 614 2661 vel
636 2627 849 2670 Cambyses,
872 2627 929 2661 vel
956 2626 1269 2662 Phalarisserinus
1292 2624 1350 2659 vel
1371 2625 1506 2670 Scytha
1527 2624 1658 2658 Tauri-

206 2678 266 2701 cus
279 2694 289 2712 ,
335 2671 494 2705 subditos
533 2677 676 2707 cunctos
718 2672 823 2706 miser
853 2672 1059 2707 devorabat.
1105 2671 1232 2706 etenim
1269 2671 1397 2705 fratres
1432 2669 1658 2704 Sebastianos

206 2713 292 2747 duos
315 2714 440 2758 (5225)
464 2717 539 2751 diro
561 2729 748 2762 suspensos
769 2716 947 2751 interfecit
971 2717 1080 2762 ligno.
1126 2716 1302 2760 Alexium,
1325 2715 1497 2750 Manuelis
1517 2715 1660 2749 nothum

205 2758 312 2792 filium
325 2785 335 2803 ,
359 2760 415 2794 cui
435 2763 587 2807 spuriam
609 2763 713 2797 filiam
736 2773 832 2796 suam
855 2761 994 2807 iugarat
1017 2761 1168 2807 nuptiis,
1192 2761 1301 2796 oculis
1321 2771 1455 2796 cassum
1471 2760 1558 2794 fecit
1576 2771 1660 2793 sen-

206 2804 316 2840 tentia
348 2804 487 2852 iniqua,
530 2808 674 2854 eiusque
704 2808 859 2854 potiores
890 2807 1042 2843 asseclas
1077 2806 1294 2843 excaecavit.
1355 2805 1478 2851 (5230)
1509 2804 1659 2844 scribam
