1786 3080
246 126 345 172 410
699 186 703 190 ,
794 130 1151 187 EPHRAEMms

501 239 657 285 Τούτου
682 241 878 295 θανόντος
898 245 1183 301 ε’γκαθίσταται
1205 244 1344 305 θρόνῳ

415 308 435 352 ὃ
458 311 707 368 Καματηρὸς
728 312 868 367 εὐεπὴς
885 312 1085 369 Ἰωάννης,

246 381 383 422 10230
413 377 517 436 ἴδρις
537 382 683 437 σοφίας
704 384 960 435 παντοδαπῆς
977 384 1042 424 καὶ
1062 379 1203 438 λόγων,

410 446 607 502 ἐπήβολός
630 465 670 490 τε
692 447 903 505 δογμάτων
923 454 1003 506 τῶν
1025 448 1190 503 ἐνθέων,

411 516 619 571 ἐκκλησίας
635 515 690 559 ὢν
709 519 862 573 λευίτης
874 516 1141 576 χαρτοφῦλαξ
1153 533 1164 543 ·

410 585 480 641 ἐφ’
505 579 552 626 οὗ
571 584 872 642 παρεστήσαντο
891 588 1066 630 Λατῖνοι
1085 586 1213 631 πόλιν.

412 651 458 702 ὃς
475 653 676 704 ἐξελαθεὶς
697 656 904 709 δυστυχῶς
922 655 1023 712 πρὸς
1037 656 1230 699 Λατίνων

246 722 379 764 10235
409 719 562 778 θρόνου
585 723 798 778 πατρίδος,
829 727 899 777 τῆς
920 728 1064 779 σεμνῆς
1082 725 1339 777 Βυζαντίὸος,

410 792 514 832 οἰκεῖ’
529 788 820 846 Διδυμότειχον
838 792 894 842 εἷς
911 791 1014 835 ἄστυ
1035 792 1218 849 φθάσας,

349 854 361 863 ’
410 857 511 900 ἔνθα
532 858 671 900 θανών
691 858 820 901 ἕλιπεν
839 857 952 914 ἡλίου
973 858 1091 917 φάος.

491 927 615 970 Men>
638 927 682 968 δὲ
702 931 842 970 τοῦτον
862 928 1042 982 ποιμένες
1060 930 1304 981 Βυζαντίδος

410 988 519 1036 οὗτοι
536 994 850 1052 προεβλήθησαν
868 996 908 1037 ἓν
925 996 1125 1048 Νικαέων,

243 1060 379 1104 10240
410 1067 568 1119 πρῶτος
591 1061 786 1118 Μιχαήλ,
817 1064 1098 1121 Αὗτωρειανός
1117 1064 1251 1117 θέσιν,

410 1128 672 1188 σακελλὰριος
690 1134 843 1187 λευίτης
859 1133 1080 1187 ἐκκλησίας,

409 1199 514 1256 ἴδρις
535 1201 680 1256 σοᾳίας
699 1205 892 1255 κοσμικῆς
911 1202 1026 1251 θείας
1048 1200 1146 1255 ἅμα.

496 1261 630 1324 Οῧπερ
653 1267 975 1322 μεταλλάξαντος
993 1269 1035 1310 ἒν
1056 1267 1192 1328 θρόνῳ
1211 1271 1315 1323 βίον,

412 1332 626 1392 Θεόδωρος
649 1336 787 1395 εἷ’ληᾳέ
808 1337 878 1392 τὴν
899 1338 1127 1394 προεδρίαν,

244 1401 378 1445 10245
407 1404 615 1458 ἐκκλησίας
639 1403 694 1447 ὥν
713 1407 868 1459 λευίτης
880 1403 1159 1462 χαρτοᾳιῦλαξ,

406 1470 668 1526 τοῦπώνυμον
687 1473 795 1527 σχὼν
815 1473 1026 1529 Εἷρηνικὺς
1048 1471 1266 1530 πατρόθεν,

411 1538 647 1596 ([ιλοσόφων
663 1539 816 1583 ὕπατον
835 1542 950 1591 ἀξίαν
969 1539 1125 1597 λόγους.

492 1610 575 1650 Καὶ
598 1610 712 1651 τοῦδε
732 1608 929 1659 θανόντος
949 1610 994 1651 δέ
1011 1609 1083 1663 τὴν
1100 1609 1314 1665 προεδρίαν

408 1673 606 1729 ΙΙΙάξᾳιος
628 1676 747 1730 αὐχεῖ
759 1678 824 1718 καὶ
842 1676 1018 1731 μοναχὸς
1038 1679 1104 1718 καὶ
1129 1674 1271 1731 θύτης,

244 1742 380 1784 10250
407 1747 537 1798 μονῆς
555 1744 758 1800 προεστὼς
778 1745 945 1800 εὖαγοῦς
963 1742 1206 1800 ἄκοιμήτων.

460 1838 571 1873 10228
598 1850 641 1872 ex
665 1838 731 1874 hoc
754 1837 928 1873 versiculo
952 1850 1062 1884 usque
1084 1838 1127 1873 ad
1151 1850 1187 1874 v.
1214 1838 1326 1874 10300
1347 1839 1455 1873 habes
1480 1837 1695 1884 patriarchas

458 1883 684 1929 cpolitanos,
721 1885 781 1928 qui
811 1884 848 1918 in
879 1884 1001 1919 exsilio
1034 1884 1136 1919 electi
1162 1886 1321 1928 fuerunt,
1354 1884 1445 1929 apud
1469 1883 1631 1918 Allatium
1651 1884 1696 1917 de

458 1930 687 1964 consensione
718 1930 781 1964 lib.
811 1931 835 1965 2
865 1942 895 1967 c.
930 1930 972 1965 14
1003 1942 1036 1976 p.
1068 1930 1148 1966 725.
1196 1930 1278 1964 item
1311 1931 1432 1975 partim
1466 1928 1502 1962 in
1536 1930 1616 1963 adn.
1650 1929 1694 1962 ad

457 1975 692 2021 Acropolitam
713 1987 744 2009 c.
763 1977 797 2010 6.
826 1975 876 2009 Μ.
1061 1975 1173 2010 10235
1194 1975 1339 2009 Allatius
1363 1975 1398 2009 in
1419 1980 1566 2020 utroque
1589 1974 1694 2008 citato

456 2020 533 2055 loco
557 2033 621 2066 pro
645 2021 776 2064 σεμνῆς
797 2021 884 2065 legit
905 2019 1005 2065 ἐμῆς.
1053 2032 1132 2055 num
1165 2033 1249 2066 ergo
1282 2021 1362 2055 hinc
1390 2026 1471 2054 orta
1494 2027 1549 2054 est
1569 2018 1694 2053 Allatio

457 2066 575 2112 opinio
608 2067 698 2112 quod
728 2066 930 2111 Ephraemii
954 2066 1068 2111 patria
1091 2067 1296 2110 Byzantium
1318 2066 1444 2108 fuerit3
1477 2064 1691 2111 quandoqui—

455 2112 531 2146 dem
555 2123 630 2146 eum
653 2112 806 2156 appellat
827 2112 1086 2157 Byzantinum?
1131 2113 1182 2147 Μ.

335 2190 414 2224 Hoc
437 2189 511 2224 vita
534 2190 653 2224 functo
675 2189 857 2224 stationem
877 2190 1061 2236 occupavit
1076 2189 1146 2224 oris
1162 2190 1303 2225 facundi
1317 2190 1465 2225 Ioannes
1480 2190 1693 2235 Camaterus,

243 2236 392 2278 (10230)
415 2235 595 2280 omnigena
617 2235 804 2270 cumulatus
828 2236 999 2281 sapientia
1023 2248 1063 2270 ac
1084 2236 1207 2280 literis,
1232 2242 1269 2270 et
1287 2235 1483 2270 divinorum
1500 2236 1694 2282 dogmatum

243 2280 525 2326 callentissimus,
560 2286 661 2316 antea
696 2281 800 2315 levita
833 2281 1002 2316 ecclesiae
1036 2288 1071 2316 et
1102 2281 1362 2327 chartophylax.
1409 2283 1473 2316 sub
1499 2293 1540 2316 eo
1565 2285 1693 2316 metro-

241 2327 348 2372 polim
390 2326 506 2361 Latini
548 2332 844 2373 expugnaverunt.
900 2328 1120 2372 quamobrem
1153 2326 1341 2361 infeliciter
1373 2328 1418 2361 ab
1448 2325 1503 2362 bis
1533 2327 1695 2373 expulsus

242 2373 394 2415 (10235)
428 2373 511 2407 sede
534 2378 638 2417 atque
659 2372 746 2406 alma
769 2372 883 2417 patria
907 2372 1030 2419 Cpoli,
1062 2372 1341 2417 Didymotichum
1374 2371 1552 2408 transtulit
1571 2371 1695 2407 statio-

244 2429 342 2461 nem,
368 2418 488 2463 ibique
510 2418 634 2452 clausit
657 2417 775 2452 oculos
799 2418 896 2452 vitali
919 2418 1001 2452 luci.

333 2464 419 2497 Post
443 2464 533 2497 hunc
555 2469 713 2509 pastores
735 2462 829 2496 urbis
852 2463 1066 2507 Byzantinae
1082 2463 1119 2498 hi
1133 2463 1338 2497 creabantur
1353 2461 1388 2496 in
1404 2460 1532 2508 oppido
1549 2461 1695 2496 Nicaea.

242 2509 388 2552 (10240)
421 2509 551 2554 primus
575 2515 629 2543 est
650 2508 820 2551 Michael,
854 2510 966 2543 dictus
988 2509 1216 2553 Autodanus,
1252 2507 1419 2543 ecclesiae
1438 2506 1636 2541 sacellarius
1659 2511 1697 2541 et

243 2553 370 2596 levita,
395 2554 573 2588 mundanis
594 2555 705 2588 literis
726 2553 922 2599 divinisque
944 2556 1135 2589 abundans.

334 2598 419 2634 Post
440 2611 538 2644 quem
562 2599 598 2633 in
620 2601 704 2634 sede
726 2599 929 2634 exstinctum
953 2600 1162 2634 Theodorus
1184 2597 1275 2633 sacri
1298 2597 1462 2644 primatus
1484 2595 1572 2631 adiit
1585 2595 1693 2630 hono-

244 2656 334 2688 rem,
376 2645 523 2689 (10245)
556 2650 658 2679 antea
678 2645 786 2679 levita
809 2645 974 2679 ecclesiae
997 2650 1032 2680 et
1054 2644 1327 2689 chartophylax,
1361 2642 1486 2678 Irenici
1507 2652 1694 2686 cognomen

243 2703 264 2725 a
287 2695 387 2735 patre
409 2690 571 2735 trahens,
596 2690 632 2724 in
656 2690 778 2725 studiis
802 2690 1050 2736 philosophicis
1072 2691 1183 2735 gradu
1205 2689 1367 2735 hypatus.

334 2736 414 2776 Quo
439 2735 607 2770 moriente
628 2748 748 2770 sacrae
770 2735 821 2770 rei
846 2735 1027 2780 primatum
1049 2735 1218 2770 Maximus
1241 2734 1332 2779 tulit,
1356 2732 1549 2775 monachus,
1576 2743 1692 2767 sacer-

242 2781 326 2826 dos,
348 2782 498 2826 (10250)
522 2782 780 2817 Acoemetarum
805 2782 1022 2828 praepositus
1047 2780 1228 2818 coenobio.
