1786 3080
246 149 309 198 40
786 147 1103 193 EPHRAEMIU
1104 148 1134 191 S

379 262 454 319 ἔφη
472 264 681 318 μυηθῆναί
690 263 738 318 ’γε
757 262 816 317 μὴ
836 260 1095 319 προστιθέναι

378 331 422 373 τὸ
451 328 763 387 “σταυρωθείς”
798 328 1014 387 πρόσρημα
1041 326 1127 370 “δι’
1155 324 1295 381 ἧμᾶς”
1332 326 1454 383 λέγων

379 401 437 456 τῷ
458 400 647 455 τρισαγίῳ
668 399 734 439 καὶ
757 397 961 454 σεβασμίῳ
982 394 1109 453 ὕμνῳ.

265 469 348 510 760
379 463 521 508 τούτου
540 463 806 518 μεταστάντος
824 466 868 507 δὲ
885 465 986 521 πρὸς
1003 464 1139 512 θείους
1156 459 1252 512 νόας

378 534 591 589 προεδρίαν
612 532 750 589 εἴληφε
768 536 840 587 τῆς
861 532 1164 574 ,Κωνσταντίνου

377 598 643 658 πρεσβύτερός
659 618 719 650 τις
738 599 968 653 Φλαβιανὸς
986 598 1117 649 ἀξίως,

379 666 586 722 πρόμαχος
605 667 742 723 ὀρθῶν
765 666 975 722 δογμάτων
994 667 1223 720 ἐκκλησίας·

379 729 499 791 οὗπερ
520 733 713 785 θανόντος
733 736 906 777 λακτίσει
928 731 1157 790 Διοσκόρου

263 804 343 844 765
378 804 419 844 ἐν
443 806 633 859 λῃστρικῇ
655 819 697 844 τε
719 804 784 844 καὶ
806 805 949 858 φονικῇ
969 799 1125 858 συνόδῳ

378 867 509 924 θύτης
523 868 747 919 Ἀνατόλιος
762 869 1058 924 Ἀλεξανδρείας

369 936 517 992 ,εἴληφε
535 940 670 979 θῶκον
689 937 792 992 ἱερὸν
811 937 1032 990 βασιλίδος.

461 999 590 1053 Οὗτος
615 1002 831 1053 Θεοδόσιος
852 999 1158 1059 αὗσονοκράτωρ

377 1072 443 1112 καὶ
463 1078 590 1124 τεῖχος
610 1070 787 1127 ἀνήγειρε
803 1076 989 1127 χερσαῖον
1006 1068 1118 1111 πόλει

265 1142 346 1181 770
379 1138 422 1180 ἐκ
442 1143 520 1180 τῶν
539 1141 778 1195 Βλαχερνῶν
798 1140 853 1188 εἷς
871 1137 1002 1188 πύλας
1020 1137 1095 1186 τὰς
1108 1137 1297 1192 χρυσέας,

376 1200 543 1262 τοῦργον
561 1204 735 1262 περᾶνας
753 1206 794 1247 ἓν
814 1206 905 1248 δυσὶ
927 1206 1027 1259 μησὶ
1044 1202 1182 1258 μόνοις

379 1274 532 1329 σπουδῇ
555 1274 596 1328 γ’
620 1271 795 1329 ἐπάρχου
817 1274 883 1314 καὶ
905 1273 1109 1330 συνεργείᾳ
1126 1269 1282 1327 Κύρου.

378 1340 574 1394 ἂγαμένου
597 1339 727 1394 δήμου
748 1340 792 1380 δὲ
812 1340 951 1394 Κῦρον
970 1343 1043 1380 τοῦ
1063 1336 1224 1390 τάχους,

379 1409 446 1448 καὶ
467 1407 583 1448 ταῦτ’
606 1405 901 1463 ἀνακράξαντος
923 1406 964 1446 ἓν
984 1405 1205 1462 παρρησίᾳ,

265 1475 345 1516 775
373 1471 704 1523 “watarti‘vog
722 1474 794 1526 μὲν
815 1471 941 1514 ἔκτισε
959 1474 1051 1527 πρὶν
1069 1471 1142 1524 τὴν
1158 1468 1286 1522 πόλιν,

381 1542 543 1582 ἄνανεοῖ
557 1542 694 1596 Κῦρος
714 1541 757 1581 δὲ
775 1543 845 1581 νῦν
854 1538 901 1588 ,³²
937 1538 1150 1594 προθυμίᾳ

382 1607 506 1663 ταύτῃ
529 1607 775 1664 φθονηθείς,
814 1604 987 1647 ἐκπεσὼν
1007 1602 1078 1659 τῆς
1099 1603 1225 1654 ἀξίας,

381 1675 588 1728 ἐκκλησίας
606 1673 801 1730 πρόεδρος
820 1671 946 1728 ὤφθη
965 1672 1218 1727 Σμυρναίων.

464 1744 547 1783 Καὶ
569 1741 822 1797 Πουλχερίαν
844 1734 983 1790 οὗτος,
1017 1737 1195 1794 ἀδελφὴν
1213 1737 1347 1795 φίλην,

269 1808 351 1849 780
385 1811 461 1849 τῶν
482 1809 695 1862 βασιλείων
714 1806 894 1861 ἐκβαλὼν
913 1805 968 1856 ὥς
988 1806 1061 1848 οὗκ
1081 1804 1175 1857 ἔδει,

387 1881 474 1925 ταῖς
492 1874 720 1929 ὑποθήκαις
734 1872 942 1928 βασκάνου
961 1873 1223 1931 Χρυσαφίου,

385 1942 426 1984 ἐν
440 1940 626 2000 Ἑβδόμῳ
646 1944 806 1996 τίθησιν
824 1940 1151 1997 ἐγκεκλεισμένην,

468 2070 536 2105 758
558 2068 654 2114 πρὸς
674 2068 774 2114 ῥῆμα
795 2070 829 2102 V

253 2178 421 2214 modicum
441 2180 552 2214 denuo
573 2180 682 2215 redux
705 2179 793 2214 dixit
814 2178 981 2213 divinitus
1002 2177 1070 2212 sibi
1091 2177 1279 2212 revelatum
1302 2187 1346 2211 ne
1373 2173 1603 2211 “crucifixus”
1630 2189 1699 2212 vox

255 2224 440 2260 adderetur
462 2225 543 2260 voci
561 2221 647 2270 “pro
671 2222 791 2259 nobis”
815 2224 959 2267 trisagio
983 2223 1019 2256 in
1042 2223 1180 2266 hymno.
1229 2222 1334 2265 (760)
1361 2221 1484 2256 Proclo
1507 2222 1552 2256 ad
1574 2233 1699 2268 super-

255 2281 315 2303 nos
349 2270 509 2305 evolante
537 2270 679 2316 spiritus
707 2270 940 2315 episcopatum
963 2268 1059 2302 urbis
1081 2267 1302 2301 Constantini
1324 2267 1446 2301 merito
1470 2267 1620 2302 obtinuit
1642 2267 1700 2302 vit

256 2325 363 2349 senex
383 2316 591 2360 Flavianus,
613 2326 772 2350 sanorum
796 2313 963 2348 ecclesiae
986 2314 1179 2357 dogmatum
1201 2312 1383 2354 defensor3
1406 2323 1507 2356 quem
1527 2312 1586 2347 ubi
1603 2313 1700 2347 ocei-

255 2358 307 2393 dit
329 2361 476 2395 calcibus
498 2361 685 2395 Dioscorus
720 2360 820 2405 (765)
843 2358 1037 2393 latrocinali
1059 2358 1097 2391 in
1118 2357 1251 2402 synodo
1274 2363 1434 2400 cruenta,
1467 2356 1700 2394 Alexandriae

256 2406 393 2448 praesul
415 2407 592 2441 Anatolius
614 2417 744 2440 sacram
768 2404 864 2439 urbis
884 2403 1004 2448 regiae
1025 2404 1143 2438 eedem
1165 2402 1359 2447 occupavit.

350 2450 459 2485 Porro
481 2452 668 2498 imperator
689 2451 758 2485 iste
779 2449 999 2483 Theodosius
1021 2452 1219 2483 terrestrem
1237 2458 1375 2492 quoque
1389 2458 1517 2482 murum
1533 2447 1701 2483 excitavit

260 2493 361 2537 (770)
384 2497 479 2531 urbis
502 2509 523 2531 a
548 2495 746 2531 Blachernis
767 2495 810 2529 ad
834 2501 966 2540 portam
989 2504 1144 2536 auream,
1185 2504 1271 2546 opus
1288 2492 1326 2528 id
1343 2504 1477 2527 menses
1497 2493 1591 2527 intra
1613 2493 1701 2528 duos

261 2549 430 2583 peragens
454 2542 637 2576 sedulitate
658 2546 694 2576 et
712 2540 826 2575 studio
845 2539 1015 2583 praefecti
1029 2538 1134 2582 Cyri3
1158 2549 1255 2571 culus
1277 2538 1467 2573 demirante
1489 2537 1702 2574 celeritatem

261 2584 387 2628 populo
411 2591 515 2630 atque
537 2587 591 2620 his
613 2587 777 2622 audacter
793 2585 909 2619 verbis
922 2584 1149 2618 succlamante
1173 2583 1277 2627 (775)
1296 2579 1566 2618 “Constantinus
1582 2584 1702 2618 urbem

261 2630 430 2671 quondam
460 2632 633 2675 condidit,
670 2632 784 2675 Cyrus
806 2641 895 2664 nunc
916 2625 1109 2672 renovat‚'’
1147 2628 1247 2662 huius
1271 2639 1373 2663 causa
1394 2629 1535 2674 plausus
1556 2634 1702 2663 vocatus

261 2673 298 2708 in
319 2674 483 2710 invidiam
506 2677 613 2720 gradu
638 2675 785 2719 excidit,
809 2675 1086 2719 Smyrnaeaeque
1107 2674 1244 2718 praesul
1265 2674 1366 2708 datus
1388 2678 1443 2708 est
1463 2673 1644 2710 ecclesiae.

349 2720 445 2754 Idem
464 2721 682 2756 Theodosius
702 2720 912 2755 Pulcheriam
933 2731 1085 2754 sororem
1109 2719 1210 2762 (780)
1233 2719 1342 2763 regali
1360 2719 1491 2764 pulsam
1508 2723 1630 2753 contra
1646 2717 1701 2751 fas

263 2763 412 2810 palatio,
436 2766 599 2810 ,consiliis
630 2767 763 2802 scilicet
789 2765 900 2802 invidi
928 2763 1157 2810 Chrysaphfi,
1188 2764 1289 2799 iussit
1310 2768 1348 2799 ut
1370 2764 1486 2799 clausa
1507 2763 1644 2799 viveret
1665 2762 1702 2796 in
