1786 3080
219 115 247 159 3
258 114 316 160 12
771 117 1122 164 EPHRAEMIUS

354 225 516 285 πρώτης
535 229 720 285 γυναικὸς
741 228 1010 282 ἐκλελοιπυίας
1031 232 1135 286 βίον,

355 302 426 352 τῆς
449 298 488 339 δ”
514 298 557 340 ἐκ
578 298 752 342 Κιλίκων
773 299 960 356 δευτέρας
985 303 1040 351 εἷς
1060 299 1236 358 πατρίδα

358 364 428 408 διά
445 383 484 408 τι
503 373 620 420 μῖσος
642 367 975 425 ἄποπεμφθείσης
994 366 1126 411 πάλιν.

226 436 335 476 7720
358 428 474 484 οὗτὸζ
496 433 815 492 γυναικάδελφον
837 436 962 479 αὐτοῦ
977 434 1219 494 Ῥομπέρτον

357 505 414 553 εἷς
432 502 633 545 Εὗδοκίαν
652 504 723 557 τὴν
742 505 877 561 τρίτην
895 506 1130 562 θυγατέρων

359 569 540 613 σπεύδων
564 571 724 626 ἀγαγεῖν
744 572 930 630 γαμβρὸν
951 573 1122 632 ἀθέσμῳ
1141 569 1293 631 τρόπῳ,

358 638 441 696 ἔριν
465 640 573 693 ἐνῆκε
594 638 840 697 ποιμενάρχῃ
860 645 917 698 τῷ
935 639 1037 692 τότε,

359 711 416 765 τῷ
437 705 648 765 φιλοσόφῳ
669 709 873 763 Μανουὴλ
892 709 1131 768 κεκλημένῳ,

227 774 335 817 7725
359 776 417 830 μὴ
441 774 771 830 συγκατανεύοντι
791 778 892 835 τῷδε
911 782 968 835 τῷ
989 777 1120 836 γάμῳ.

325 862 338 872 ·
362 843 462 893 θεὸς
483 844 525 886 δὲ
549 841 632 885 λύει
655 845 727 898 τὴν
747 845 1066 900 ἄθεσμογαμιάν,

363 914 455 967 πρὶν
477 910 502 966 ἢ
523 913 709 966 γενέσθαι
729 911 845 967 τήνδε
857 945 870 964 ,
903 917 976 956 τοῦ
992 913 1192 967 βασιλέως

362 983 451 1034 βίον
471 980 541 1021 τὸν
563 979 819 1037 ἀνθρώπινον
840 980 1124 1032 ἐκλελοιπότος.

440 1047 526 1090 ”Eu
549 1051 843 1105 κραταρχοῦντί
857 1067 900 1106 γε
919 1055 978 1107 τῷ
996 1052 1229 1110 Λασκαρίῳ

232 1117 342 1158 ’7730
367 1114 584 1171 πράγματα
604 1117 733 1160 πολλὰ
754 1120 820 1160 καὶ
839 1118 999 1175 μακρὰς
1019 1119 1191 1174 ἀγωνίας

363 1183 508 1239 Ἔρρῆς
527 1192 711 1242 παρεῖχεν
727 1184 750 1229 ὃ
769 1191 927 1242 κρατῶν
942 1188 1200 1239 Βυζαντίδος,

368 1254 495 1303 τιθεὶς
514 1251 592 1310 ’ὑφ’
621 1252 745 1297 αὗτόν
762 1253 964 1309 Ῥωμαϊκὰ
980 1257 1115 1312 χωρία

372 1323 573 1374 λεηλατῶν
593 1339 633 1364 τε
655 1324 721 1364 καὶ
741 1323 994 1379 κατατρέχων
1011 1323 1165 1373 πόλεις·

372 1387 612 1445 δραστήριος
633 1391 710 1446 γὰρ
739 1393 804 1432 καὶ
827 1391 1027 1446 σθεναρὸς
1047 1390 1102 1434 ὢν
1121 1389 1247 1445 χέρας

240 1456 348 1496 7735
374 1459 438 1497 καὶ
458 1457 559 1512 πρὸς
578 1456 713 1511 μάχας
734 1458 911 1511 ἕτοιμος,
947 1457 1132 1513 ἄντικρυς
1146 1456 1281 1513 Ἄρης,

372 1523 423 1565 τὰ
436 1522 640 1578 Ῥωμαϊκὰ
661 1526 704 1567 δ’
729 1523 983 1580 ἠσθενηκότα
1002 1526 1175 1578 βλέπων,

375 1593 441 1632 καὶ
461 1595 616 1644 μᾶλλον
638 1592 715 1649 ἀφ’
741 1587 789 1634 οὗ
808 1591 1029 1635 σουλτάνου
1051 1590 1296 1647 κατισχύσας

376 1658 595 1716 Λάσκαρις
614 1660 715 1710 ἅναξ
733 1660 930 1714 ἀπέβαλεν
949 1659 1118 1710 ἱππότας

381 1726 532 1783 ἄνδρας
550 1728 727 1778 Ἰταλοὺς
748 1729 929 1784 ἀρεϊκοὺς
948 1727 1153 1784 γεννάδας,

248 1794 357 1834 7740
383 1799 536 1849 συχναῖς
557 1795 813 1853 ἐπεστράτευε
830 1795 1037 1851 Ῥωμαίων
1059 1795 1183 1852 ὅροις,

383 1867 462 1904 τῶν
483 1862 743 1906 κωλυσόντων
762 1864 934 1907 οὐδενῶν
955 1862 1181 1922 ὁρωμένων,

385 1932 495 1986 παρὰ
515 1936 706 1974 τοσοῦτον
724 1937 797 1975 τοῦ
814 1932 1000 1989 θράσους
1019 1933 1238 1990 ἀφιγμένος

386 1997 440 2048 ὡς
464 2002 735 2056 καταδραμεῖν
754 2002 821 2042 καὶ
838 2001 978 2060 μέχρις
995 2001 1146 2051 Ἰωνίας

254 2126 365 2160 ratori
386 2126 531 2162 Lascari
552 2127 794 2173 coniungitur,
817 2129 877 2175 qui
899 2141 1040 2165 uxorem
1064 2129 1208 2175 primam
1227 2129 1376 2165 fleverat
1395 2128 1619 2176 exstinctam,
1644 2141 1702 2166 se-

257 2173 402 2206 cundam
422 2178 536 2208 autem
557 2174 669 2207 Cilice
692 2180 797 2218 gente
819 2180 932 2210 natam
956 2175 1075 2210 nescio
1097 2188 1165 2220 quo
1189 2176 1268 2210 odio
1287 2176 1325 2209 in
1343 2176 1490 2221 patriam
1510 2176 1705 2212 remiserat.

256 2218 384 2262 (7720)
408 2218 498 2253 idem
519 2219 709 2253 Robertum
736 2221 893 2265 coniugis
918 2233 1114 2266 germanum
1138 2223 1283 2267 optabat
1301 2233 1485 2265 generum,
1509 2227 1630 2256 contra
1650 2224 1704 2257 fas

258 2264 429 2298 ecclesiae
467 2265 619 2310 iugando
659 2266 795 2300 tertiam
826 2267 929 2302 filiam
959 2267 1162 2302 Eudociam.
1210 2278 1286 2300 cum
1318 2267 1480 2300 Manuele
1510 2267 1707 2312 patriarcha

259 2308 408 2353 iurgium
431 2309 514 2344 hine
535 2315 647 2344 ortum
669 2316 734 2354 est,
758 2312 963 2357 philosopho
986 2312 1170 2358 appellato,
1203 2313 1327 2356 (7725)
1352 2312 1544 2346 huiusmodi
1565 2318 1707 2347 vetante

259 2366 304 2388 ne
335 2355 461 2389 fierent
488 2356 642 2401 nuptiae.
696 2357 760 2390 sed
790 2359 875 2392 deus
906 2360 1046 2403 abrupit
1074 2358 1230 2392 illicitum
1259 2358 1473 2401 coniugium:
1507 2357 1707 2404 priusquam

259 2400 349 2434 enim
370 2401 490 2445 fieret,
517 2401 596 2446 ipse
619 2402 750 2435 Caesar
771 2403 940 2438 humanae
958 2405 1054 2438 vitae
1072 2403 1254 2438 terminum
1275 2403 1451 2448 imposuit.

351 2446 515 2480 Ceterum
538 2447 650 2481 adhuc
667 2448 860 2491 imperante
882 2450 1033 2484 Lascare
1054 2450 1182 2493 (7730)
1203 2449 1376 2483 molestias
1391 2448 1510 2482 multas
1526 2452 1562 2482 et
1576 2447 1709 2492 proelia

261 2490 396 2524 diutina
426 2492 591 2536 Byzantii
621 2492 779 2527 dominus
808 2495 954 2529 Eri-icus
986 2495 1162 2538 exhibuit,
1194 2506 1270 2528 cum
1300 2494 1368 2528 sibi
1398 2495 1552 2528 Romana
1578 2493 1708 2537 oppida

263 2535 471 2580 subiiceret‚
495 2548 624 2581 susque
645 2538 759 2583 deque
781 2541 885 2574 urbes
909 2540 1079 2585 diriperet
1100 2545 1233 2584 ageret.
1279 2540 1334 2574 vir
1356 2539 1446 2573 enim
1469 2543 1546 2572 erat
1569 2538 1709 2582 efficax,

263 2581 348 2614 forti
377 2593 499 2626 manu,
533 2583 659 2628 (7735)
691 2583 807 2618 alacer
829 2586 873 2620 ad
895 2597 1029 2630 pugnas
1052 2598 1206 2631 semper,
1241 2588 1279 2619 et
1299 2585 1407 2619 Marti
1428 2595 1514 2629 ραις
1548 2583 1609 2628 qui
1631 2595 1708 2618 cum

263 2626 437 2662 Romanos
464 2627 663 2663 laborantes
681 2637 860 2674 cerneret,
890 2632 1093 2675 praesertim
1117 2631 1218 2676 quia,
1252 2631 1331 2664 dum
1353 2630 1532 2663 Sultanum
1558 2629 1710 2663 debellat

262 2671 426 2706 Lascaris
464 2674 618 2716 Caesar,
662 2674 797 2718 equites
833 2677 996 2711 amiserat
1031 2677 1137 2711 Italos
1175 2677 1270 2710 viros
1311 2680 1472 2710 strenuos
1509 2675 1710 2718 mavortios„

263 2716 389 2760 (7740)
446 2724 588 2764 erpetuo
620 2725 757 2754 nostros
787 2720 980 2756 lacessebat
1011 2723 1113 2756 bello.
1159 2721 1243 2766 quin
1273 2733 1349 2755 cum
1371 2720 1409 2754 in
1434 2719 1559 2753 finibus
1585 2720 1709 2753 obvia-

265 2766 342 2796 rent
365 2762 467 2809 nuli,
500 2769 597 2800 tanta
620 2770 673 2800 est
698 2765 807 2801 elatus
831 2768 1039 2802 confidentia
1061 2767 1227 2811 Erricus,
1250 2773 1288 2801 ut
1309 2777 1418 2811 usque
1440 2765 1478 2799 in
1500 2764 1631 2800 Ioniam
1656 2765 1708 2799 fa-
