<?xml version="1.0" encoding="UTF-8"?>
<!DOCTYPE html PUBLIC "-//W3C//DTD XHTML 1.0 Transitional//EN"
    "http://www.w3.org/TR/xhtml1/DTD/xhtml1-transitional.dtd">
<html xmlns="http://www.w3.org/1999/xhtml" xml:lang="en" lang="en">
 <head>
  <title>
</title>
<meta http-equiv="Content-Type" content="text/html;charset=utf-8" />
  <meta name='ocr-system' content='tesseract 3.04.00' />
  <meta name='ocr-capabilities' content='ocr_page ocr_carea ocr_par ocr_line ocrx_word'/>
</head>
<body>
  <div class='ocr_page' id='page_1' title='image "./corpusscriptorum12niebuoft/corpusscriptorum12niebuoft_0222.png"; bbox 0 0 1786 3080; ppageno 0'>
   <div class='ocr_carea' id='block_1_1' title="bbox 205 172 1107 221">
    <p class='ocr_par' dir='ltr' id='par_1_1' title="bbox 205 172 1107 221">
     <span class='ocr_line' id='line_1_1' title="bbox 205 172 1107 221; baseline 0.003 -3"><span class='ocrx_word' id='word_1_1' title='bbox 205 174 231 218; x_wconf 77' lang='lat'><strong>2</strong></span> <span class='ocrx_word' id='word_1_2' title='bbox 243 172 301 218; x_wconf 78' lang='lat'><strong>12</strong></span> <span class='ocrx_word' id='word_1_3' title='bbox 755 175 1076 221; x_wconf 82' lang='lat' dir='ltr'>EPHRAEMIU</span> <span class='ocrx_word' id='word_1_4' title='bbox 1077 177 1107 221; x_wconf 89' lang='lat' dir='ltr'>S</span> 
     </span>
    </p>
   </div>
   <div class='ocr_carea' id='block_1_2' title="bbox 204 286 1292 2045">
    <p class='ocr_par' dir='ltr' id='par_1_2' title="bbox 204 286 1169 346">
     <span class='ocr_line' id='line_1_2' title="bbox 204 286 1169 346; baseline 0.002 -16"><span class='ocrx_word' id='word_1_5' title='bbox 204 287 315 332; x_wconf 92' lang='grc'>5100</span> <span class='ocrx_word' id='word_1_6' title='bbox 342 287 409 330; x_wconf 88' lang='grc' dir='ltr'><strong>καὶ</strong></span> <span class='ocrx_word' id='word_1_7' title='bbox 428 286 540 330; x_wconf 76' lang='grc' dir='ltr'><strong><em>τοῦτ’</em></strong></span> <span class='ocrx_word' id='word_1_8' title='bbox 565 287 626 330; x_wconf 71' lang='grc' dir='ltr'><strong>ἐπὶ</strong></span> <span class='ocrx_word' id='word_1_9' title='bbox 646 286 830 344; x_wconf 84' lang='grc' dir='ltr'><strong><em>με’γιστον</em></strong></span> <span class='ocrx_word' id='word_1_10' title='bbox 847 289 991 345; x_wconf 74' lang='grc' dir='ltr'><strong><em>ἐδρᾶτο</em></strong></span> <span class='ocrx_word' id='word_1_11' title='bbox 1005 288 1169 346; x_wconf 74' lang='grc' dir='ltr'><strong><em>χρόνον.</em></strong></span> 
     </span>
    </p>

    <p class='ocr_par' dir='ltr' id='par_1_3' title="bbox 339 356 1179 414">
     <span class='ocr_line' id='line_1_3' title="bbox 339 356 1179 414; baseline 0.001 -15"><span class='ocrx_word' id='word_1_12' title='bbox 339 356 451 406; x_wconf 78' lang='grc' dir='ltr'><strong><em>τέλος</em></strong></span> <span class='ocrx_word' id='word_1_13' title='bbox 473 357 735 407; x_wconf 68' lang='grc' dir='ltr'><strong><em>λεπισθὲντος</em></strong></span> <span class='ocrx_word' id='word_1_14' title='bbox 751 357 795 399; x_wconf 73' lang='grc' dir='ltr'><strong>δὲ</strong></span> <span class='ocrx_word' id='word_1_15' title='bbox 814 358 968 411; x_wconf 81' lang='grc' dir='ltr'><strong><em>τείχους</em></strong></span> <span class='ocrx_word' id='word_1_16' title='bbox 985 356 1120 414; x_wconf 79' lang='grc' dir='ltr'><strong><em>βραχύ</em></strong></span> <span class='ocrx_word' id='word_1_17' title='bbox 1142 376 1179 400; x_wconf 87' lang='grc' dir='ltr'><strong><em>τι</em></strong></span> 
     </span>
    </p>

    <p class='ocr_par' dir='ltr' id='par_1_4' title="bbox 341 422 1214 476">
     <span class='ocr_line' id='line_1_4' title="bbox 341 422 1214 476; baseline 0.001 -9"><span class='ocrx_word' id='word_1_18' title='bbox 341 426 407 467; x_wconf 85' lang='grc' dir='ltr'><strong>καὶ</strong></span> <span class='ocrx_word' id='word_1_19' title='bbox 428 428 498 467; x_wconf 79' lang='grc' dir='ltr'><strong><em>τοῦ</em></strong></span> <span class='ocrx_word' id='word_1_20' title='bbox 520 429 727 468; x_wconf 78' lang='grc' dir='ltr'><strong><em>σεσεῖσθαι</em></strong></span> <span class='ocrx_word' id='word_1_21' title='bbox 748 422 870 476; x_wconf 80' lang='grc' dir='ltr'><strong><em>δόξαν</em></strong></span> <span class='ocrx_word' id='word_1_22' title='bbox 891 425 1027 476; x_wconf 81' lang='grc' dir='ltr'><em>ἀστοῖς</em></span> <span class='ocrx_word' id='word_1_23' title='bbox 1049 424 1214 468; x_wconf 69' lang='grc' dir='ltr'><strong><em>εἰσάνταν</em></strong></span> 
     </span>
    </p>

    <p class='ocr_par' dir='ltr' id='par_1_5' title="bbox 340 492 1167 549">
     <span class='ocr_line' id='line_1_5' title="bbox 340 492 1167 549; baseline 0.002 -14"><span class='ocrx_word' id='word_1_24' title='bbox 340 493 467 535; x_wconf 80' lang='grc' dir='ltr'><strong><em>κλίσιν</em></strong></span> <span class='ocrx_word' id='word_1_25' title='bbox 488 509 530 535; x_wconf 84' lang='grc' dir='ltr'><strong><em>τε</em></strong></span> <span class='ocrx_word' id='word_1_26' title='bbox 551 498 698 536; x_wconf 77' lang='grc' dir='ltr'><strong><em>παθεῖν</em></strong></span> <span class='ocrx_word' id='word_1_27' title='bbox 719 492 965 549; x_wconf 76' lang='grc' dir='ltr'><strong><em>ἐμβαλόντος</em></strong></span> <span class='ocrx_word' id='word_1_28' title='bbox 983 492 1167 549; x_wconf 76' lang='grc' dir='ltr'><strong><em>ἐσχάτην,</em></strong></span> 
     </span>
    </p>

    <p class='ocr_par' dir='ltr' id='par_1_6' title="bbox 206 561 1165 687">
     <span class='ocr_line' id='line_1_6' title="bbox 340 561 1165 618; baseline 0.002 -16"><span class='ocrx_word' id='word_1_29' title='bbox 340 565 419 611; x_wconf 81' lang='grc' dir='ltr'><strong>πᾶς</strong></span> <span class='ocrx_word' id='word_1_30' title='bbox 442 578 503 610; x_wconf 89' lang='grc' dir='ltr'><strong>τις</strong></span> <span class='ocrx_word' id='word_1_31' title='bbox 525 561 709 617; x_wconf 75' lang='grc' dir='ltr'><strong><em>μαχητὴς</em></strong></span> <span class='ocrx_word' id='word_1_32' title='bbox 732 562 846 604; x_wconf 66' lang='grc' dir='ltr'><strong><em>ἔνδον</em></strong></span> <span class='ocrx_word' id='word_1_33' title='bbox 868 562 1010 617; x_wconf 75' lang='grc' dir='ltr'><strong><em>ἀνείθη</em></strong></span> <span class='ocrx_word' id='word_1_34' title='bbox 1027 563 1165 618; x_wconf 76' lang='grc' dir='ltr'><strong><em>χέρας,</em></strong></span> 
     </span>
     <span class='ocr_line' id='line_1_7' title="bbox 206 629 1078 687; baseline -0.002 -13"><span class='ocrx_word' id='word_1_35' title='bbox 206 630 313 674; x_wconf 83' lang='grc'>5105</span> <span class='ocrx_word' id='word_1_36' title='bbox 341 630 602 673; x_wconf 71' lang='grc' dir='ltr'><strong><em>ἐναποθανών</em></strong></span> <span class='ocrx_word' id='word_1_37' title='bbox 622 630 734 685; x_wconf 79' lang='grc' dir='ltr'><strong><em>παρὰ</em></strong></span> <span class='ocrx_word' id='word_1_38' title='bbox 754 629 888 686; x_wconf 72' lang='grc' dir='ltr'><strong><em>βραχὺ</em></strong></span> <span class='ocrx_word' id='word_1_39' title='bbox 907 635 965 687; x_wconf 79' lang='grc' dir='ltr'><strong><em>τῷ</em></strong></span> <span class='ocrx_word' id='word_1_40' title='bbox 985 631 1078 672; x_wconf 75' lang='grc' dir='ltr'><strong><em>δέει.</em></strong></span> 
     </span>
    </p>

    <p class='ocr_par' dir='ltr' id='par_1_7' title="bbox 338 697 1100 753">
     <span class='ocr_line' id='line_1_8' title="bbox 338 697 1100 753; baseline 0 -13"><span class='ocrx_word' id='word_1_41' title='bbox 338 699 523 740; x_wconf 68' lang='grc' dir='ltr'><strong><em>ἐντεῦθεν</em></strong></span> <span class='ocrx_word' id='word_1_42' title='bbox 542 697 758 753; x_wconf 75' lang='grc' dir='ltr'><strong><em>εἷσήλασαν</em></strong></span> <span class='ocrx_word' id='word_1_43' title='bbox 778 699 892 740; x_wconf 66' lang='grc' dir='ltr'><strong><em>ἔνδον</em></strong></span> <span class='ocrx_word' id='word_1_44' title='bbox 909 701 965 748; x_wconf 76' lang='grc' dir='ltr'><strong><em>εἷς</em></strong></span> <span class='ocrx_word' id='word_1_45' title='bbox 983 697 1100 740; x_wconf 86' lang='grc' dir='ltr'><strong><em>πόλιν</em></strong></span> 
     </span>
    </p>

    <p class='ocr_par' dir='ltr' id='par_1_8' title="bbox 342 764 1223 822">
     <span class='ocr_line' id='line_1_9' title="bbox 342 764 1223 822; baseline 0.001 -15"><span class='ocrx_word' id='word_1_46' title='bbox 342 766 379 807; x_wconf 76' lang='grc' dir='ltr'><strong>οἱ</strong></span> <span class='ocrx_word' id='word_1_47' title='bbox 400 764 514 820; x_wconf 74' lang='grc' dir='ltr'><strong><em>τήνδ’</em></strong></span> <span class='ocrx_word' id='word_1_48' title='bbox 537 765 636 809; x_wconf 73' lang='grc' dir='ltr'><strong><em>ἑλεῖν</em></strong></span> <span class='ocrx_word' id='word_1_49' title='bbox 654 764 891 816; x_wconf 74' lang='grc' dir='ltr'><strong><em>σπεύδοντες</em></strong></span> <span class='ocrx_word' id='word_1_50' title='bbox 911 766 1004 809; x_wconf 71' lang='grc' dir='ltr'><strong><em>ἄνευ</em></strong></span> <span class='ocrx_word' id='word_1_51' title='bbox 1024 764 1223 822; x_wconf 69' lang='grc' dir='ltr'><strong><em>κωλύμης,</em></strong></span> 
     </span>
    </p>

    <p class='ocr_par' dir='ltr' id='par_1_9' title="bbox 337 831 1114 891">
     <span class='ocr_line' id='line_1_10' title="bbox 337 831 1114 891; baseline 0.001 -15"><span class='ocrx_word' id='word_1_52' title='bbox 337 831 583 889; x_wconf 74' lang='grc' dir='ltr'><strong><em>χρησάμενοι</em></strong></span> <span class='ocrx_word' id='word_1_53' title='bbox 602 836 763 888; x_wconf 78' lang='grc' dir='ltr'><strong><em>κλίμαξι</em></strong></span> <span class='ocrx_word' id='word_1_54' title='bbox 780 835 881 890; x_wconf 87' lang='grc' dir='ltr'><strong><em>πρὸς</em></strong></span> <span class='ocrx_word' id='word_1_55' title='bbox 895 836 1114 891; x_wconf 78' lang='grc' dir='ltr'><strong><em>συνεργίαν.</em></strong></span> 
     </span>
    </p>

    <p class='ocr_par' dir='ltr' id='par_1_10' title="bbox 208 900 1249 1027">
     <span class='ocr_line' id='line_1_11' title="bbox 344 900 1249 958; baseline -0.001 -15"><span class='ocrx_word' id='word_1_56' title='bbox 344 900 365 943; x_wconf 84' lang='grc' dir='ltr'><strong>ὅ</strong></span> <span class='ocrx_word' id='word_1_57' title='bbox 388 903 428 943; x_wconf 77' lang='grc' dir='ltr'><strong>δ’</strong></span> <span class='ocrx_word' id='word_1_58' title='bbox 450 901 700 958; x_wconf 71' lang='grc' dir='ltr'><strong><em>Ἀνδρόνικος</em></strong></span> <span class='ocrx_word' id='word_1_59' title='bbox 713 902 978 953; x_wconf 74' lang='grc' dir='ltr'><strong><em>εῗσπεπαικὼς</em></strong></span> <span class='ocrx_word' id='word_1_60' title='bbox 999 905 1053 952; x_wconf 75' lang='grc' dir='ltr'><strong><em>εἷς</em></strong></span> <span class='ocrx_word' id='word_1_61' title='bbox 1069 900 1197 951; x_wconf 76' lang='grc' dir='ltr'><strong><em>πόλιν,</em></strong></span> <span class='ocrx_word' id='word_1_62' title='bbox 1246 930 1249 933; x_wconf 92' lang='grc'><strong>-</strong></span> 
     </span>
     <span class='ocr_line' id='line_1_12' title="bbox 208 968 1143 1027; baseline -0.002 -13"><span class='ocrx_word' id='word_1_63' title='bbox 208 973 317 1014; x_wconf 86' lang='grc'>5110</span> <span class='ocrx_word' id='word_1_64' title='bbox 343 968 397 1019; x_wconf 79' lang='grc' dir='ltr'><strong><em>ὡς</em></strong></span> <span class='ocrx_word' id='word_1_65' title='bbox 419 970 556 1027; x_wconf 74' lang='grc' dir='ltr'><strong><em>ἄγριος</em></strong></span> <span class='ocrx_word' id='word_1_66' title='bbox 577 969 661 1027; x_wconf 71' lang='grc' dir='ltr'><strong><em>θήρ</em></strong></span> <span class='ocrx_word' id='word_1_67' title='bbox 671 1003 684 1022; x_wconf 92' lang='grc'><strong><em>,</em></strong></span> <span class='ocrx_word' id='word_1_68' title='bbox 720 969 775 1021; x_wconf 79' lang='grc' dir='ltr'><strong><em>ὡς</em></strong></span> <span class='ocrx_word' id='word_1_69' title='bbox 795 972 895 1013; x_wconf 75' lang='grc' dir='ltr'><strong><em>λέων</em></strong></span> <span class='ocrx_word' id='word_1_70' title='bbox 909 973 1143 1027; x_wconf 80' lang='grc' dir='ltr'><strong><em>βρυχητίας,</em></strong></span> 
     </span>
    </p>

    <p class='ocr_par' dir='ltr' id='par_1_11' title="bbox 338 1036 1196 1095">
     <span class='ocr_line' id='line_1_13' title="bbox 338 1036 1196 1095; baseline -0.001 -15"><span class='ocrx_word' id='word_1_71' title='bbox 338 1036 492 1088; x_wconf 82' lang='grc' dir='ltr'><strong><em>πάντας</em></strong></span> <span class='ocrx_word' id='word_1_72' title='bbox 511 1038 791 1095; x_wconf 78' lang='grc' dir='ltr'><strong><em>παρανάλωμα</em></strong></span> <span class='ocrx_word' id='word_1_73' title='bbox 810 1043 949 1093; x_wconf 78' lang='grc' dir='ltr'><strong><em>θυμοῦ</em></strong></span> <span class='ocrx_word' id='word_1_74' title='bbox 969 1042 1035 1081; x_wconf 84' lang='grc' dir='ltr'><strong>καὶ</strong></span> <span class='ocrx_word' id='word_1_75' title='bbox 1057 1041 1196 1095; x_wconf 78' lang='grc' dir='ltr'><strong><em>ξίφους</em></strong></span> 
     </span>
    </p>

    <p class='ocr_par' dir='ltr' id='par_1_12' title="bbox 339 1105 1224 1164">
     <span class='ocr_line' id='line_1_14' title="bbox 339 1105 1224 1164; baseline 0 -17"><span class='ocrx_word' id='word_1_76' title='bbox 339 1110 488 1164; x_wconf 78' lang='grc' dir='ltr'><strong><em>μικροῦ</em></strong></span> <span class='ocrx_word' id='word_1_77' title='bbox 510 1105 822 1163; x_wconf 82' lang='grc' dir='ltr'><strong><em>κατειργάσατο,</em></strong></span> <span class='ocrx_word' id='word_1_78' title='bbox 859 1112 934 1163; x_wconf 74' lang='grc' dir='ltr'><strong>φεῦ</strong></span> <span class='ocrx_word' id='word_1_79' title='bbox 955 1112 1026 1149; x_wconf 84' lang='grc' dir='ltr'><strong><em>τοῦ</em></strong></span> <span class='ocrx_word' id='word_1_80' title='bbox 1048 1105 1224 1155; x_wconf 83' lang='grc' dir='ltr'><strong><em>πάθους,</em></strong></span> 
     </span>
    </p>

    <p class='ocr_par' dir='ltr' id='par_1_13' title="bbox 339 1173 1197 1232">
     <span class='ocr_line' id='line_1_15' title="bbox 339 1173 1197 1232; baseline 0.001 -17"><span class='ocrx_word' id='word_1_81' title='bbox 339 1174 434 1225; x_wconf 72' lang='grc' dir='ltr'><strong><em>τοὺς</em></strong></span> <span class='ocrx_word' id='word_1_82' title='bbox 450 1176 522 1229; x_wconf 70' lang='grc' dir='ltr'><strong>μὲν</strong></span> <span class='ocrx_word' id='word_1_83' title='bbox 540 1176 751 1228; x_wconf 85' lang='grc' dir='ltr'><strong><em>παραδοὺς</em></strong></span> <span class='ocrx_word' id='word_1_84' title='bbox 769 1173 994 1232; x_wconf 76' lang='grc' dir='ltr'><strong><em>πικροτάτῳ</em></strong></span> <span class='ocrx_word' id='word_1_85' title='bbox 1014 1173 1197 1231; x_wconf 77' lang='grc' dir='ltr'><strong><em>θανάτῳ,</em></strong></span> 
     </span>
    </p>

    <p class='ocr_par' dir='ltr' id='par_1_14' title="bbox 204 1241 1292 1367">
     <span class='ocr_line' id='line_1_16' title="bbox 339 1241 1286 1300; baseline -0.002 -15"><span class='ocrx_word' id='word_1_86' title='bbox 339 1242 434 1292; x_wconf 77' lang='grc' dir='ltr'><strong><em>τοὺς</em></strong></span> <span class='ocrx_word' id='word_1_87' title='bbox 456 1244 499 1285; x_wconf 80' lang='grc' dir='ltr'><strong>δὲ</strong></span> <span class='ocrx_word' id='word_1_88' title='bbox 518 1242 715 1299; x_wconf 75' lang='grc' dir='ltr'><strong><em>περήσας</em></strong></span> <span class='ocrx_word' id='word_1_89' title='bbox 734 1249 806 1286; x_wconf 83' lang='grc' dir='ltr'><strong><em>τοῦ</em></strong></span> <span class='ocrx_word' id='word_1_90' title='bbox 828 1242 960 1300; x_wconf 74' lang='grc' dir='ltr'><strong><em>φάους</em></strong></span> <span class='ocrx_word' id='word_1_91' title='bbox 979 1248 1058 1286; x_wconf 84' lang='grc' dir='ltr'><strong>τῶν</strong></span> <span class='ocrx_word' id='word_1_92' title='bbox 1079 1241 1286 1296; x_wconf 76' lang='grc' dir='ltr'><strong><em>ὀμμάτων.</em></strong></span> 
     </span>
     <span class='ocr_line' id='line_1_17' title="bbox 204 1305 1292 1367; baseline -0.004 -13"><span class='ocrx_word' id='word_1_93' title='bbox 204 1311 314 1354; x_wconf 86' lang='grc'>5115</span> <span class='ocrx_word' id='word_1_94' title='bbox 343 1305 397 1352; x_wconf 72' lang='grc' dir='ltr'><strong>ὧν</strong></span> <span class='ocrx_word' id='word_1_95' title='bbox 419 1311 459 1352; x_wconf 75' lang='grc' dir='ltr'><strong>δ’</strong></span> <span class='ocrx_word' id='word_1_96' title='bbox 486 1307 537 1353; x_wconf 70' lang='grc' dir='ltr'><strong>αὖ</strong></span> <span class='ocrx_word' id='word_1_97' title='bbox 558 1310 687 1361; x_wconf 84' lang='grc' dir='ltr'><strong><em>πόδας</em></strong></span> <span class='ocrx_word' id='word_1_98' title='bbox 707 1312 894 1365; x_wconf 78' lang='grc' dir='ltr'><strong><em>τέτμηκεν</em></strong></span> <span class='ocrx_word' id='word_1_99' title='bbox 919 1310 1044 1367; x_wconf 71' lang='grc' dir='ltr'><strong><em>ἄμφω</em></strong></span> <span class='ocrx_word' id='word_1_100' title='bbox 1066 1312 1166 1366; x_wconf 79' lang='grc' dir='ltr'><strong><em>πρὸς</em></strong></span> <span class='ocrx_word' id='word_1_101' title='bbox 1185 1312 1292 1363; x_wconf 72' lang='grc' dir='ltr'><strong><em>βίαν,</em></strong></span> 
     </span>
    </p>

    <p class='ocr_par' dir='ltr' id='par_1_15' title="bbox 340 1379 1205 1436">
     <span class='ocr_line' id='line_1_18' title="bbox 340 1379 1205 1436; baseline -0.001 -15"><span class='ocrx_word' id='word_1_102' title='bbox 340 1380 407 1421; x_wconf 82' lang='grc' dir='ltr'><strong>καὶ</strong></span> <span class='ocrx_word' id='word_1_103' title='bbox 427 1386 564 1435; x_wconf 81' lang='grc' dir='ltr'><strong><em>χεῖρας</em></strong></span> <span class='ocrx_word' id='word_1_104' title='bbox 584 1379 738 1431; x_wconf 75' lang='grc' dir='ltr'><strong><em>ἄλλων,</em></strong></span> <span class='ocrx_word' id='word_1_105' title='bbox 773 1379 999 1436; x_wconf 82' lang='grc' dir='ltr'><strong><em>αἶμοχαρὴς</em></strong></span> <span class='ocrx_word' id='word_1_106' title='bbox 1018 1381 1182 1435; x_wconf 82' lang='grc' dir='ltr'><strong><em>καρδία·</em></strong></span> <span class='ocrx_word' id='word_1_107' title='bbox 1203 1407 1205 1409; x_wconf 87' lang='lat'>·</span> 
     </span>
    </p>

    <p class='ocr_par' dir='ltr' id='par_1_16' title="bbox 341 1445 1267 1503">
     <span class='ocr_line' id='line_1_19' title="bbox 341 1445 1267 1503; baseline 0.001 -16"><span class='ocrx_word' id='word_1_108' title='bbox 341 1446 411 1496; x_wconf 78' lang='grc' dir='ltr'><strong><em>οὓς</em></strong></span> <span class='ocrx_word' id='word_1_109' title='bbox 431 1448 474 1488; x_wconf 76' lang='grc' dir='ltr'><strong>δὲ</strong></span> <span class='ocrx_word' id='word_1_110' title='bbox 495 1455 630 1503; x_wconf 78' lang='grc' dir='ltr'><strong><em>στερεῖ</em></strong></span> <span class='ocrx_word' id='word_1_111' title='bbox 642 1446 774 1503; x_wconf 78' lang='grc' dir='ltr'><strong><em>φάους</em></strong></span> <span class='ocrx_word' id='word_1_112' title='bbox 791 1464 833 1489; x_wconf 80' lang='grc' dir='ltr'><strong><em>τε</em></strong></span> <span class='ocrx_word' id='word_1_113' title='bbox 855 1450 922 1489; x_wconf 84' lang='grc' dir='ltr'><strong>καὶ</strong></span> <span class='ocrx_word' id='word_1_114' title='bbox 945 1451 1024 1489; x_wconf 82' lang='grc' dir='ltr'><strong>τῶν</strong></span> <span class='ocrx_word' id='word_1_115' title='bbox 1046 1445 1267 1497; x_wconf 77' lang='grc' dir='ltr'><strong><em>δακτύλων,</em></strong></span> 
     </span>
    </p>

    <p class='ocr_par' dir='ltr' id='par_1_17' title="bbox 338 1510 1252 1568">
     <span class='ocr_line' id='line_1_20' title="bbox 338 1510 1252 1568; baseline -0.003 -12"><span class='ocrx_word' id='word_1_116' title='bbox 338 1516 474 1557; x_wconf 83' lang='grc' dir='ltr'><strong><em>ποδῶν</em></strong></span> <span class='ocrx_word' id='word_1_117' title='bbox 496 1514 614 1557; x_wconf 84' lang='grc' dir='ltr'><strong><em>πάλιν</em></strong></span> <span class='ocrx_word' id='word_1_118' title='bbox 633 1515 781 1564; x_wconf 77' lang='grc' dir='ltr'><strong><em>ἄλλους</em></strong></span> <span class='ocrx_word' id='word_1_119' title='bbox 799 1532 841 1557; x_wconf 85' lang='grc' dir='ltr'><strong><em>τε</em></strong></span> <span class='ocrx_word' id='word_1_120' title='bbox 860 1517 926 1557; x_wconf 86' lang='grc' dir='ltr'><strong>καὶ</strong></span> <span class='ocrx_word' id='word_1_121' title='bbox 946 1510 1025 1556; x_wconf 78' lang='grc' dir='ltr'><strong>τῶν</strong></span> <span class='ocrx_word' id='word_1_122' title='bbox 1046 1513 1252 1568; x_wconf 83' lang='grc' dir='ltr'><strong><em>ὀμμάτων.</em></strong></span> 
     </span>
    </p>

    <p class='ocr_par' dir='ltr' id='par_1_18' title="bbox 206 1581 1277 1707">
     <span class='ocr_line' id='line_1_21' title="bbox 345 1581 1277 1639; baseline 0.001 -16"><span class='ocrx_word' id='word_1_123' title='bbox 345 1582 558 1639; x_wconf 81' lang='grc' dir='ltr'><strong><em>Θεόδωρον</em></strong></span> <span class='ocrx_word' id='word_1_124' title='bbox 580 1583 619 1624; x_wconf 72' lang='grc' dir='ltr'><strong>δ’</strong></span> <span class='ocrx_word' id='word_1_125' title='bbox 639 1582 845 1638; x_wconf 81' lang='grc' dir='ltr'><strong><em>Ἄγγελον,</em></strong></span> <span class='ocrx_word' id='word_1_126' title='bbox 882 1584 1077 1624; x_wconf 81' lang='grc' dir='ltr'><strong><em>οῗκτίστου</em></strong></span> <span class='ocrx_word' id='word_1_127' title='bbox 1101 1581 1277 1630; x_wconf 77' lang='grc' dir='ltr'><strong><em>πάθους,</em></strong></span> 
     </span>
     <span class='ocr_line' id='line_1_22' title="bbox 206 1649 1135 1707; baseline -0.003 -13"><span class='ocrx_word' id='word_1_128' title='bbox 206 1653 316 1694; x_wconf 84' lang='lat'><strong>5120</strong></span> <span class='ocrx_word' id='word_1_129' title='bbox 338 1650 480 1704; x_wconf 72' lang='grc' dir='ltr'><strong><em>ἠΐθεον</em></strong></span> <span class='ocrx_word' id='word_1_130' title='bbox 504 1649 740 1702; x_wconf 86' lang='grc' dir='ltr'><strong><em>κάλλιστον,</em></strong></span> <span class='ocrx_word' id='word_1_131' title='bbox 776 1650 906 1707; x_wconf 71' lang='grc' dir='ltr'><strong><em>ἄνδρα</em></strong></span> <span class='ocrx_word' id='word_1_132' title='bbox 929 1649 1135 1704; x_wconf 78' lang='grc' dir='ltr'><strong><em>γεννάδαν,</em></strong></span> 
     </span>
    </p>

    <p class='ocr_par' dir='ltr' id='par_1_19' title="bbox 340 1717 1174 1773">
     <span class='ocr_line' id='line_1_23' title="bbox 340 1717 1174 1773; baseline -0.001 -14"><span class='ocrx_word' id='word_1_133' title='bbox 340 1719 381 1768; x_wconf 74' lang='grc' dir='ltr'><strong>ἐξ</strong></span> <span class='ocrx_word' id='word_1_134' title='bbox 402 1717 593 1772; x_wconf 81' lang='grc' dir='ltr'><strong><em>ὀμμάτων</em></strong></span> <span class='ocrx_word' id='word_1_135' title='bbox 611 1719 702 1768; x_wconf 83' lang='grc' dir='ltr'><strong><em>θεὶς</em></strong></span> <span class='ocrx_word' id='word_1_136' title='bbox 721 1717 1020 1773; x_wconf 85' lang='grc' dir='ltr'><strong><em>δυσανάλγητος</em></strong></span> <span class='ocrx_word' id='word_1_137' title='bbox 1035 1718 1174 1773; x_wconf 81' lang='grc' dir='ltr'><strong><em>γε’ρων,</em></strong></span> 
     </span>
    </p>

    <p class='ocr_par' dir='ltr' id='par_1_20' title="bbox 339 1784 1125 1843">
     <span class='ocr_line' id='line_1_24' title="bbox 339 1784 1125 1843; baseline 0 -16"><span class='ocrx_word' id='word_1_138' title='bbox 339 1784 419 1843; x_wconf 79' lang='grc' dir='ltr'><strong><em>ι’ίνῳ</em></strong></span> <span class='ocrx_word' id='word_1_139' title='bbox 438 1787 477 1828; x_wconf 75' lang='grc' dir='ltr'><strong><em>τ’</em></strong></span> <span class='ocrx_word' id='word_1_140' title='bbox 501 1788 654 1836; x_wconf 72' lang='grc' dir='ltr'><strong><em>ἐπιθεὶς</em></strong></span> <span class='ocrx_word' id='word_1_141' title='bbox 673 1785 824 1828; x_wconf 80' lang='grc' dir='ltr'><strong><em>εὖτελεῖ</em></strong></span> <span class='ocrx_word' id='word_1_142' title='bbox 837 1790 998 1840; x_wconf 85' lang='grc' dir='ltr'><strong><em>πομποῦ</em></strong></span> <span class='ocrx_word' id='word_1_143' title='bbox 1019 1787 1125 1839; x_wconf 81' lang='grc' dir='ltr'><strong><em>δίχα,</em></strong></span> 
     </span>
    </p>

    <p class='ocr_par' dir='ltr' id='par_1_21' title="bbox 340 1852 1136 1910">
     <span class='ocr_line' id='line_1_25' title="bbox 340 1852 1136 1910; baseline 0 -15"><span class='ocrx_word' id='word_1_144' title='bbox 340 1858 415 1909; x_wconf 82' lang='grc' dir='ltr'><strong><em>γῆς</em></strong></span> <span class='ocrx_word' id='word_1_145' title='bbox 432 1852 657 1909; x_wconf 82' lang='grc' dir='ltr'><strong><em>Ῥωμαϊκῆς</em></strong></span> <span class='ocrx_word' id='word_1_146' title='bbox 678 1852 888 1896; x_wconf 77' lang='grc' dir='ltr'><strong><em>ἀπελαύνει</em></strong></span> <span class='ocrx_word' id='word_1_147' title='bbox 906 1852 1136 1910; x_wconf 76' lang='grc' dir='ltr'><strong><em>μακρόθεν·</em></strong></span> 
     </span>
    </p>

    <p class='ocr_par' dir='ltr' id='par_1_22' title="bbox 207 1919 1190 2045">
     <span class='ocr_line' id='line_1_26' title="bbox 342 1919 1190 1979; baseline -0.001 -16"><span class='ocrx_word' id='word_1_148' title='bbox 342 1919 546 1975; x_wconf 78' lang='grc' dir='ltr'><strong><em>ἀλώμενον</em></strong></span> <span class='ocrx_word' id='word_1_149' title='bbox 569 1926 746 1979; x_wconf 82' lang='grc' dir='ltr'><strong><em>Τοῦρκοι</em></strong></span> <span class='ocrx_word' id='word_1_150' title='bbox 769 1923 813 1964; x_wconf 80' lang='grc' dir='ltr'><strong>δὲ</strong></span> <span class='ocrx_word' id='word_1_151' title='bbox 833 1920 945 1964; x_wconf 69' lang='grc' dir='ltr'><strong><em>τόνδ’</em></strong></span> <span class='ocrx_word' id='word_1_152' title='bbox 970 1919 1190 1979; x_wconf 77' lang='grc' dir='ltr'><strong><em>εὖρηκότες,</em></strong></span> 
     </span>
     <span class='ocr_line' id='line_1_27' title="bbox 207 1988 1010 2045; baseline 0 -13"><span class='ocrx_word' id='word_1_153' title='bbox 207 1988 315 2032; x_wconf 82' lang='grc'>5125</span> <span class='ocrx_word' id='word_1_154' title='bbox 341 1988 612 2045; x_wconf 73' lang='grc' dir='ltr'><strong><em>ἀπαγαγόντες</em></strong></span> <span class='ocrx_word' id='word_1_155' title='bbox 630 1993 685 2039; x_wconf 80' lang='grc' dir='ltr'><strong><em>εἷς</em></strong></span> <span class='ocrx_word' id='word_1_156' title='bbox 700 1988 853 2032; x_wconf 78' lang='grc' dir='ltr'><strong><em>ἑαυτῶν</em></strong></span> <span class='ocrx_word' id='word_1_157' title='bbox 870 1990 1010 2042; x_wconf 82' lang='grc' dir='ltr'><strong><em>οῗκιάς,</em></strong></span> 
     </span>
    </p>
   </div>
   <div class='ocr_carea' id='block_1_3' title="bbox 426 2096 741 2140">
    <p class='ocr_par' dir='ltr' id='par_1_23' title="bbox 426 2096 741 2140">
     <span class='ocr_line' id='line_1_28' title="bbox 426 2096 741 2140; baseline 0 -10"><span class='ocrx_word' id='word_1_158' title='bbox 426 2096 519 2130; x_wconf 77' lang='grc'>5112</span> <span class='ocrx_word' id='word_1_159' title='bbox 542 2096 615 2140; x_wconf 78' lang='grc' dir='ltr'><strong>φεῦ</strong></span> <span class='ocrx_word' id='word_1_160' title='bbox 638 2096 741 2139; x_wconf 58' lang='lat' dir='ltr'><strong>mei?</strong></span> 
     </span>
    </p>
   </div>
   <div class='ocr_carea' id='block_1_4' title="bbox 204 2182 1665 2366">
    <p class='ocr_par' dir='ltr' id='par_1_24' title="bbox 204 2182 1665 2366">
     <span class='ocr_line' id='line_1_29' title="bbox 206 2182 1665 2232; baseline -0.003 -11"><span class='ocrx_word' id='word_1_161' title='bbox 206 2196 313 2231; x_wconf 82' lang='lat' dir='ltr'><strong>saepe</strong></span> <span class='ocrx_word' id='word_1_162' title='bbox 345 2185 505 2232; x_wconf 85' lang='lat' dir='ltr'><strong>repetitis</strong></span> <span class='ocrx_word' id='word_1_163' title='bbox 536 2197 600 2231; x_wconf 85' lang='lat' dir='ltr'><strong>per</strong></span> <span class='ocrx_word' id='word_1_164' title='bbox 632 2184 722 2219; x_wconf 87' lang='lat' dir='ltr'><strong>diem</strong></span> <span class='ocrx_word' id='word_1_165' title='bbox 756 2184 917 2230; x_wconf 82' lang='lat' dir='ltr'><strong>proeliis,</strong></span> <span class='ocrx_word' id='word_1_166' title='bbox 954 2185 1079 2230; x_wconf 87' lang='grc'>(5100)</span> <span class='ocrx_word' id='word_1_167' title='bbox 1110 2184 1302 2229; x_wconf 86' lang='lat' dir='ltr'><strong>bellumque</strong></span> <span class='ocrx_word' id='word_1_168' title='bbox 1333 2182 1436 2228; x_wconf 77' lang='lat' dir='ltr'><strong>longo</strong></span> <span class='ocrx_word' id='word_1_169' title='bbox 1459 2182 1665 2218; x_wconf 79' lang='lat' dir='ltr'><strong>trahebatur</strong></span> 
     </span>
     <span class='ocr_line' id='line_1_30' title="bbox 204 2229 1664 2277; baseline -0.002 -11"><span class='ocrx_word' id='word_1_170' title='bbox 204 2238 374 2277; x_wconf 83' lang='lat' dir='ltr'><strong>tempore.</strong></span> <span class='ocrx_word' id='word_1_171' title='bbox 421 2236 596 2277; x_wconf 82' lang='lat' dir='ltr'><strong>postremo</strong></span> <span class='ocrx_word' id='word_1_172' title='bbox 620 2242 696 2264; x_wconf 83' lang='lat' dir='ltr'><strong>cum</strong></span> <span class='ocrx_word' id='word_1_173' title='bbox 719 2230 912 2264; x_wconf 82' lang='lat' dir='ltr'><strong>laborasset</strong></span> <span class='ocrx_word' id='word_1_174' title='bbox 936 2242 1051 2264; x_wconf 85' lang='lat' dir='ltr'><strong>murus</strong></span> <span class='ocrx_word' id='word_1_175' title='bbox 1074 2230 1211 2273; x_wconf 83' lang='lat' dir='ltr'><strong>leviter,</strong></span> <span class='ocrx_word' id='word_1_176' title='bbox 1239 2231 1417 2264; x_wconf 77' lang='lat' dir='ltr'><strong>subrutum</strong></span> <span class='ocrx_word' id='word_1_177' title='bbox 1442 2229 1538 2264; x_wconf 82' lang='lat' dir='ltr'><strong>cives</strong></span> <span class='ocrx_word' id='word_1_178' title='bbox 1562 2240 1664 2274; x_wconf 88' lang='lat' dir='ltr'><strong>pror-</strong></span> 
     </span>
     <span class='ocr_line' id='line_1_31' title="bbox 207 2274 1663 2320; baseline -0.002 -9"><span class='ocrx_word' id='word_1_179' title='bbox 207 2289 266 2311; x_wconf 86' lang='lat' dir='ltr'><strong>sus</strong></span> <span class='ocrx_word' id='word_1_180' title='bbox 289 2277 529 2320; x_wconf 82' lang='lat' dir='ltr'><strong>crediderunt,</strong></span> <span class='ocrx_word' id='word_1_181' title='bbox 564 2281 600 2310; x_wconf 88' lang='lat' dir='ltr'><strong>et</strong></span> <span class='ocrx_word' id='word_1_182' title='bbox 620 2287 700 2310; x_wconf 86' lang='lat' dir='ltr'><strong>mox</strong></span> <span class='ocrx_word' id='word_1_183' title='bbox 721 2276 854 2309; x_wconf 86' lang='lat' dir='ltr'><strong>ruinam</strong></span> <span class='ocrx_word' id='word_1_184' title='bbox 877 2281 1067 2310; x_wconf 82' lang='lat' dir='ltr'><strong>tracturum</strong></span> <span class='ocrx_word' id='word_1_185' title='bbox 1091 2281 1302 2316; x_wconf 78' lang='lat' dir='ltr'><strong>extremam3</strong></span> <span class='ocrx_word' id='word_1_186' title='bbox 1337 2285 1428 2319; x_wconf 85' lang='lat' dir='ltr'><strong>quae</strong></span> <span class='ocrx_word' id='word_1_187' title='bbox 1451 2287 1508 2310; x_wconf 83' lang='lat' dir='ltr'><strong>res</strong></span> <span class='ocrx_word' id='word_1_188' title='bbox 1531 2274 1663 2309; x_wconf 79' lang='lat' dir='ltr'><strong>bellan-</strong></span> 
     </span>
     <span class='ocr_line' id='line_1_32' title="bbox 208 2320 1662 2366; baseline -0.003 -9"><span class='ocrx_word' id='word_1_189' title='bbox 208 2323 292 2357; x_wconf 82' lang='lat' dir='ltr'><strong>tium</strong></span> <span class='ocrx_word' id='word_1_190' title='bbox 327 2323 421 2357; x_wconf 84' lang='lat' dir='ltr'><strong>intus</strong></span> <span class='ocrx_word' id='word_1_191' title='bbox 455 2321 600 2357; x_wconf 83' lang='lat' dir='ltr'><strong>resolvit</strong></span> <span class='ocrx_word' id='word_1_192' title='bbox 632 2332 773 2364; x_wconf 78' lang='lat' dir='ltr'><strong>manuS,</strong></span> <span class='ocrx_word' id='word_1_193' title='bbox 815 2322 942 2365; x_wconf 86' lang='lat'>(5105)</span> <span class='ocrx_word' id='word_1_194' title='bbox 973 2320 1178 2366; x_wconf 81' lang='lat' dir='ltr'><strong>mortalique</strong></span> <span class='ocrx_word' id='word_1_195' title='bbox 1211 2320 1343 2355; x_wconf 79' lang='lat' dir='ltr'><strong>animos</strong></span> <span class='ocrx_word' id='word_1_196' title='bbox 1374 2320 1529 2366; x_wconf 82' lang='lat' dir='ltr'><strong>pulsavit</strong></span> <span class='ocrx_word' id='word_1_197' title='bbox 1557 2325 1662 2354; x_wconf 83' lang='lat' dir='ltr'><strong>metu.</strong></span> 
     </span>
    </p>
   </div>
   <div class='ocr_carea' id='block_1_5' title="bbox 208 2364 1701 2420">
    <p class='ocr_par' dir='ltr' id='par_1_25' title="bbox 208 2364 1701 2420">
     <span class='ocr_line' id='line_1_33' title="bbox 208 2364 1701 2420; baseline -0.003 -17"><span class='ocrx_word' id='word_1_198' title='bbox 208 2373 291 2403; x_wconf 80' lang='lat' dir='ltr'><strong>tunc</strong></span> <span class='ocrx_word' id='word_1_199' title='bbox 316 2369 527 2412; x_wconf 83' lang='lat' dir='ltr'><strong>obsessores,</strong></span> <span class='ocrx_word' id='word_1_200' title='bbox 550 2370 768 2420; x_wconf 76' lang='lat' dir='ltr'><strong>repugnante</strong></span> <span class='ocrx_word' id='word_1_201' title='bbox 791 2367 939 2410; x_wconf 86' lang='lat' dir='ltr'><strong>nemine,</strong></span> <span class='ocrx_word' id='word_1_202' title='bbox 962 2367 1000 2401; x_wconf 86' lang='lat' dir='ltr'><strong>in</strong></span> <span class='ocrx_word' id='word_1_203' title='bbox 1022 2369 1140 2401; x_wconf 90' lang='lat' dir='ltr'><strong>urbem</strong></span> <span class='ocrx_word' id='word_1_204' title='bbox 1160 2366 1397 2420; x_wconf 65' lang='lat' dir='ltr'><strong>irrumpebant</strong></span> <span class='ocrx_word' id='word_1_205' title='bbox 1412 2365 1527 2400; x_wconf 78' lang='lat' dir='ltr'><strong>studio</strong></span> <span class='ocrx_word' id='word_1_206' title='bbox 1544 2364 1664 2408; x_wconf 76' lang='lat' dir='ltr'><strong>alacri,</strong></span> <span class='ocrx_word' id='word_1_207' title='bbox 1699 2374 1701 2376; x_wconf 85' lang='lat'>·</span> 
     </span>
    </p>
   </div>
   <div class='ocr_carea' id='block_1_6' title="bbox 208 2411 1668 2865">
    <p class='ocr_par' dir='ltr' id='par_1_26' title="bbox 208 2411 1668 2865">
     <span class='ocr_line' id='line_1_34' title="bbox 209 2411 1665 2459; baseline -0.003 -12"><span class='ocrx_word' id='word_1_208' title='bbox 209 2415 487 2458; x_wconf 78' lang='lat' dir='ltr'><strong>superabantque</strong></span> <span class='ocrx_word' id='word_1_209' title='bbox 509 2412 680 2459; x_wconf 67' lang='lat' dir='ltr'><strong>apposmis</strong></span> <span class='ocrx_word' id='word_1_210' title='bbox 703 2413 838 2446; x_wconf 83' lang='lat' dir='ltr'><strong>moenia</strong></span> <span class='ocrx_word' id='word_1_211' title='bbox 861 2413 977 2447; x_wconf 86' lang='lat' dir='ltr'><strong>scalis.</strong></span> <span class='ocrx_word' id='word_1_212' title='bbox 1020 2423 1124 2458; x_wconf 88' lang='lat' dir='ltr'><strong>porro</strong></span> <span class='ocrx_word' id='word_1_213' title='bbox 1147 2412 1363 2446; x_wconf 75' lang='lat' dir='ltr'><strong>Andronicus</strong></span> <span class='ocrx_word' id='word_1_214' title='bbox 1384 2412 1465 2457; x_wconf 85' lang='lat' dir='ltr'><strong>ipse</strong></span> <span class='ocrx_word' id='word_1_215' title='bbox 1487 2411 1524 2445; x_wconf 84' lang='lat' dir='ltr'><strong>in</strong></span> <span class='ocrx_word' id='word_1_216' title='bbox 1547 2411 1665 2444; x_wconf 88' lang='lat' dir='ltr'><strong>urbem</strong></span> 
     </span>
     <span class='ocr_line' id='line_1_35' title="bbox 208 2455 1666 2502; baseline -0.002 -11"><span class='ocrx_word' id='word_1_217' title='bbox 208 2458 313 2493; x_wconf 80' lang='lat' dir='ltr'><strong>irruit</strong></span> <span class='ocrx_word' id='word_1_218' title='bbox 343 2459 470 2502; x_wconf 83' lang='lat'>(5110)</span> <span class='ocrx_word' id='word_1_219' title='bbox 499 2470 562 2493; x_wconf 80' lang='lat' dir='ltr'><strong>ceu</strong></span> <span class='ocrx_word' id='word_1_220' title='bbox 585 2457 736 2492; x_wconf 80' lang='lat' dir='ltr'><strong>violenta</strong></span> <span class='ocrx_word' id='word_1_221' title='bbox 759 2458 836 2492; x_wconf 84' lang='lat' dir='ltr'><strong>fera</strong></span> <span class='ocrx_word' id='word_1_222' title='bbox 859 2458 984 2502; x_wconf 87' lang='lat' dir='ltr'><strong>leoque</strong></span> <span class='ocrx_word' id='word_1_223' title='bbox 1005 2457 1167 2502; x_wconf 84' lang='lat' dir='ltr'><strong>rugiens,</strong></span> <span class='ocrx_word' id='word_1_224' title='bbox 1202 2468 1356 2501; x_wconf 83' lang='lat' dir='ltr'><strong>suaeque</strong></span> <span class='ocrx_word' id='word_1_225' title='bbox 1378 2457 1453 2491; x_wconf 81' lang='lat' dir='ltr'><strong>irae</strong></span> <span class='ocrx_word' id='word_1_226' title='bbox 1477 2460 1513 2491; x_wconf 79' lang='lat' dir='ltr'><strong>et</strong></span> <span class='ocrx_word' id='word_1_227' title='bbox 1536 2455 1666 2500; x_wconf 75' lang='lat' dir='ltr'><strong>gladio,</strong></span> 
     </span>
     <span class='ocr_line' id='line_1_36' title="bbox 209 2500 1666 2548; baseline -0.002 -12"><span class='ocrx_word' id='word_1_228' title='bbox 209 2514 274 2548; x_wconf 86' lang='lat' dir='ltr'><strong>pro</strong></span> <span class='ocrx_word' id='word_1_229' title='bbox 298 2503 413 2538; x_wconf 88' lang='lat' dir='ltr'><strong>dolor!</strong></span> <span class='ocrx_word' id='word_1_230' title='bbox 439 2504 535 2538; x_wconf 84' lang='lat' dir='ltr'><strong>cives</strong></span> <span class='ocrx_word' id='word_1_231' title='bbox 557 2507 698 2538; x_wconf 83' lang='lat' dir='ltr'><strong>cunctos</strong></span> <span class='ocrx_word' id='word_1_232' title='bbox 721 2504 967 2548; x_wconf 89' lang='lat' dir='ltr'><strong>propemodum</strong></span> <span class='ocrx_word' id='word_1_233' title='bbox 990 2503 1238 2537; x_wconf 88' lang='lat' dir='ltr'><strong>consumendos</strong></span> <span class='ocrx_word' id='word_1_234' title='bbox 1260 2502 1421 2537; x_wconf 82' lang='lat' dir='ltr'><strong>tradidit.</strong></span> <span class='ocrx_word' id='word_1_235' title='bbox 1452 2506 1557 2547; x_wconf 82' lang='lat' dir='ltr'><strong>atque</strong></span> <span class='ocrx_word' id='word_1_236' title='bbox 1579 2500 1666 2534; x_wconf 76' lang='lat' dir='ltr'><strong>alios</strong></span> 
     </span>
     <span class='ocr_line' id='line_1_37' title="bbox 211 2545 1666 2595; baseline -0.002 -14"><span class='ocrx_word' id='word_1_237' title='bbox 211 2548 350 2592; x_wconf 88' lang='lat' dir='ltr'><strong>quidem</strong></span> <span class='ocrx_word' id='word_1_238' title='bbox 371 2549 447 2584; x_wconf 85' lang='lat' dir='ltr'><strong>diro</strong></span> <span class='ocrx_word' id='word_1_239' title='bbox 464 2549 634 2595; x_wconf 86' lang='lat' dir='ltr'><strong>supplicio</strong></span> <span class='ocrx_word' id='word_1_240' title='bbox 651 2548 799 2591; x_wconf 86' lang='lat' dir='ltr'><strong>enecuit,</strong></span> <span class='ocrx_word' id='word_1_241' title='bbox 823 2548 900 2582; x_wconf 64' lang='lat' dir='ltr'><strong>aliis</strong></span> <span class='ocrx_word' id='word_1_242' title='bbox 922 2548 1086 2583; x_wconf 78' lang='lat' dir='ltr'><strong>exstinxit</strong></span> <span class='ocrx_word' id='word_1_243' title='bbox 1104 2548 1214 2582; x_wconf 89' lang='lat' dir='ltr'><strong>lumen</strong></span> <span class='ocrx_word' id='word_1_244' title='bbox 1236 2547 1422 2591; x_wconf 84' lang='lat' dir='ltr'><strong>oculorum,</strong></span> <span class='ocrx_word' id='word_1_245' title='bbox 1445 2546 1572 2591; x_wconf 90' lang='grc'>(5115)</span> <span class='ocrx_word' id='word_1_246' title='bbox 1589 2545 1666 2579; x_wconf 83' lang='lat' dir='ltr'><strong>aliis</strong></span> 
     </span>
     <span class='ocr_line' id='line_1_38' title="bbox 211 2590 1665 2640; baseline -0.001 -14"><span class='ocrx_word' id='word_1_247' title='bbox 211 2599 393 2638; x_wconf 90' lang='lat' dir='ltr'><strong>utrumque</strong></span> <span class='ocrx_word' id='word_1_248' title='bbox 423 2596 546 2640; x_wconf 85' lang='lat' dir='ltr'><strong>pedem</strong></span> <span class='ocrx_word' id='word_1_249' title='bbox 576 2593 709 2629; x_wconf 81' lang='lat' dir='ltr'><strong>abscidi</strong></span> <span class='ocrx_word' id='word_1_250' title='bbox 731 2593 855 2637; x_wconf 85' lang='lat' dir='ltr'><strong>iussit,</strong></span> <span class='ocrx_word' id='word_1_251' title='bbox 890 2599 927 2627; x_wconf 83' lang='lat' dir='ltr'><strong>at</strong></span> <span class='ocrx_word' id='word_1_252' title='bbox 943 2606 1068 2628; x_wconf 74' lang='lat' dir='ltr'><strong>vmunus</strong></span> <span class='ocrx_word' id='word_1_253' title='bbox 1091 2593 1187 2638; x_wconf 81' lang='lat' dir='ltr'><strong>aliis,</strong></span> <span class='ocrx_word' id='word_1_254' title='bbox 1220 2593 1287 2628; x_wconf 87' lang='lat' dir='ltr'><strong>heu</strong></span> <span class='ocrx_word' id='word_1_255' title='bbox 1311 2591 1565 2637; x_wconf 79' lang='lat' dir='ltr'><strong>sanguinarium</strong></span> <span class='ocrx_word' id='word_1_256' title='bbox 1588 2590 1665 2625; x_wconf 82' lang='lat' dir='ltr'><strong>ani-</strong></span> 
     </span>
     <span class='ocr_line' id='line_1_39' title="bbox 212 2637 1667 2684; baseline -0.001 -13"><span class='ocrx_word' id='word_1_257' title='bbox 212 2640 318 2672; x_wconf 87' lang='lat' dir='ltr'><strong>mum!</strong></span> <span class='ocrx_word' id='word_1_258' title='bbox 355 2639 419 2674; x_wconf 87' lang='lat' dir='ltr'><strong>hos</strong></span> <span class='ocrx_word' id='word_1_259' title='bbox 443 2639 550 2674; x_wconf 89' lang='lat' dir='ltr'><strong>oculis</strong></span> <span class='ocrx_word' id='word_1_260' title='bbox 573 2639 764 2684; x_wconf 83' lang='lat' dir='ltr'><strong>digitisque</strong></span> <span class='ocrx_word' id='word_1_261' title='bbox 786 2638 942 2683; x_wconf 83' lang='lat' dir='ltr'><strong>privavit</strong></span> <span class='ocrx_word' id='word_1_262' title='bbox 964 2639 1083 2683; x_wconf 90' lang='lat' dir='ltr'><strong>simul,</strong></span> <span class='ocrx_word' id='word_1_263' title='bbox 1115 2639 1195 2673; x_wconf 87' lang='lat' dir='ltr'><strong>illos</strong></span> <span class='ocrx_word' id='word_1_264' title='bbox 1217 2639 1368 2672; x_wconf 83' lang='lat' dir='ltr'><strong>vicissim</strong></span> <span class='ocrx_word' id='word_1_265' title='bbox 1392 2637 1539 2682; x_wconf 85' lang='lat' dir='ltr'><strong>pedibus</strong></span> <span class='ocrx_word' id='word_1_266' title='bbox 1562 2641 1667 2680; x_wconf 79' lang='lat' dir='ltr'><strong>atque</strong></span> 
     </span>
     <span class='ocr_line' id='line_1_40' title="bbox 213 2681 1666 2729; baseline -0.003 -11"><span class='ocrx_word' id='word_1_267' title='bbox 213 2683 335 2718; x_wconf 79' lang='lat' dir='ltr'><strong>oculis.</strong></span> <span class='ocrx_word' id='word_1_268' title='bbox 383 2689 420 2718; x_wconf 84' lang='lat' dir='ltr'><strong>at</strong></span> <span class='ocrx_word' id='word_1_269' title='bbox 441 2685 664 2720; x_wconf 88' lang='lat' dir='ltr'><strong>Theodorum</strong></span> <span class='ocrx_word' id='word_1_270' title='bbox 684 2684 872 2729; x_wconf 83' lang='lat' dir='ltr'><strong>Angelum,</strong></span> <span class='ocrx_word' id='word_1_271' title='bbox 895 2685 963 2719; x_wconf 84' lang='lat' dir='ltr'><strong>heu</strong></span> <span class='ocrx_word' id='word_1_272' title='bbox 989 2686 1096 2719; x_wconf 87' lang='lat' dir='ltr'><strong>diram</strong></span> <span class='ocrx_word' id='word_1_273' title='bbox 1120 2685 1282 2729; x_wconf 82' lang='lat' dir='ltr'><strong>poenam!</strong></span> <span class='ocrx_word' id='word_1_274' title='bbox 1316 2684 1441 2726; x_wconf 76' lang='lat'>(5120)</span> <span class='ocrx_word' id='word_1_275' title='bbox 1464 2681 1666 2716; x_wconf 81' lang='lat' dir='ltr'><strong>adulescen-</strong></span> 
     </span>
     <span class='ocr_line' id='line_1_41' title="bbox 212 2726 1668 2775; baseline -0.003 -12"><span class='ocrx_word' id='word_1_276' title='bbox 212 2734 283 2763; x_wconf 87' lang='lat' dir='ltr'><strong>tem</strong></span> <span class='ocrx_word' id='word_1_277' title='bbox 315 2730 463 2764; x_wconf 86' lang='lat' dir='ltr'><strong>nobilem</strong></span> <span class='ocrx_word' id='word_1_278' title='bbox 487 2737 523 2765; x_wconf 87' lang='lat' dir='ltr'><strong>et</strong></span> <span class='ocrx_word' id='word_1_279' title='bbox 544 2730 830 2775; x_wconf 82' lang='lat' dir='ltr'><strong>pulcherrimum,</strong></span> <span class='ocrx_word' id='word_1_280' title='bbox 867 2730 1004 2764; x_wconf 77' lang='lat' dir='ltr'><strong>effossis</strong></span> <span class='ocrx_word' id='word_1_281' title='bbox 1030 2730 1139 2764; x_wconf 86' lang='lat' dir='ltr'><strong>oculis</strong></span> <span class='ocrx_word' id='word_1_282' title='bbox 1161 2741 1268 2763; x_wconf 82' lang='lat' dir='ltr'><strong>senex</strong></span> <span class='ocrx_word' id='word_1_283' title='bbox 1291 2728 1547 2762; x_wconf 85' lang='lat' dir='ltr'><strong>crudelissimus</strong></span> <span class='ocrx_word' id='word_1_284' title='bbox 1569 2726 1668 2760; x_wconf 85' lang='lat' dir='ltr'><strong>asino</strong></span> 
     </span>
     <span class='ocr_line' id='line_1_42' title="bbox 212 2773 1666 2820; baseline -0.003 -11"><span class='ocrx_word' id='word_1_285' title='bbox 212 2774 278 2809; x_wconf 81' lang='lat' dir='ltr'><strong>vili</strong></span> <span class='ocrx_word' id='word_1_286' title='bbox 307 2773 472 2819; x_wconf 87' lang='lat' dir='ltr'><strong>imposuit</strong></span> <span class='ocrx_word' id='word_1_287' title='bbox 503 2777 635 2820; x_wconf 85' lang='lat' dir='ltr'><strong>absque</strong></span> <span class='ocrx_word' id='word_1_288' title='bbox 668 2776 775 2818; x_wconf 87' lang='lat' dir='ltr'><strong>duce,</strong></span> <span class='ocrx_word' id='word_1_289' title='bbox 810 2774 1045 2820; x_wconf 86' lang='lat' dir='ltr'><strong>Romanisque</strong></span> <span class='ocrx_word' id='word_1_290' title='bbox 1076 2775 1201 2809; x_wconf 85' lang='lat' dir='ltr'><strong>finibus</strong></span> <span class='ocrx_word' id='word_1_291' title='bbox 1233 2773 1352 2819; x_wconf 85' lang='lat' dir='ltr'><strong>procul</strong></span> <span class='ocrx_word' id='word_1_292' title='bbox 1381 2773 1532 2816; x_wconf 81' lang='lat' dir='ltr'><strong>expulit3</strong></span> <span class='ocrx_word' id='word_1_293' title='bbox 1565 2782 1666 2816; x_wconf 88' lang='lat' dir='ltr'><strong>quem</strong></span> 
     </span>
     <span class='ocr_line' id='line_1_43' title="bbox 214 2816 1665 2865; baseline -0.003 -10"><span class='ocrx_word' id='word_1_294' title='bbox 214 2820 442 2855; x_wconf 84' lang='lat' dir='ltr'><strong>errabundum</strong></span> <span class='ocrx_word' id='word_1_295' title='bbox 464 2820 683 2857; x_wconf 82' lang='lat' dir='ltr'><strong>invenientes</strong></span> <span class='ocrx_word' id='word_1_296' title='bbox 706 2821 846 2855; x_wconf 82' lang='lat' dir='ltr'><strong>&#39;rurcae</strong></span> <span class='ocrx_word' id='word_1_297' title='bbox 878 2821 1003 2865; x_wconf 76' lang='lat'>(5125)</span> <span class='ocrx_word' id='word_1_298' title='bbox 1034 2821 1108 2855; x_wconf 79' lang='lat' dir='ltr'><strong>suis</strong></span> <span class='ocrx_word' id='word_1_299' title='bbox 1132 2824 1341 2864; x_wconf 83' lang='lat' dir='ltr'><strong>receperunt</strong></span> <span class='ocrx_word' id='word_1_300' title='bbox 1363 2818 1520 2854; x_wconf 87' lang='lat' dir='ltr'><strong>domibus</strong></span> <span class='ocrx_word' id='word_1_301' title='bbox 1543 2822 1578 2852; x_wconf 85' lang='lat' dir='ltr'><strong>et</strong></span> <span class='ocrx_word' id='word_1_302' title='bbox 1600 2816 1665 2850; x_wconf 84' lang='lat' dir='ltr'><strong>ho·</strong></span> 
     </span>
    </p>
   </div>
  </div>
 </body>
</html>
