<?xml version="1.0" encoding="UTF-8"?>
<!DOCTYPE html PUBLIC "-//W3C//DTD XHTML 1.0 Transitional//EN"
    "http://www.w3.org/TR/xhtml1/DTD/xhtml1-transitional.dtd">
<html xmlns="http://www.w3.org/1999/xhtml" xml:lang="en" lang="en">
 <head>
  <title>
</title>
<meta http-equiv="Content-Type" content="text/html;charset=utf-8" />
  <meta name='ocr-system' content='tesseract 3.04.00' />
  <meta name='ocr-capabilities' content='ocr_page ocr_carea ocr_par ocr_line ocrx_word'/>
</head>
<body>
  <div class='ocr_page' id='page_1' title='image "./corpusscriptorum12niebuoft/corpusscriptorum12niebuoft_0036.png"; bbox 0 0 1786 3080; ppageno 0'>
   <div class='ocr_carea' id='block_1_1' title="bbox 257 175 1140 219">
    <p class='ocr_par' dir='ltr' id='par_1_1' title="bbox 257 175 1140 219">
     <span class='ocr_line' id='line_1_1' title="bbox 257 175 1140 219; baseline -0.001 0"><span class='ocrx_word' id='word_1_1' title='bbox 257 175 320 219; x_wconf 82' lang='lat'><strong>26</strong></span> <span class='ocrx_word' id='word_1_2' title='bbox 797 175 1140 218; x_wconf 83' lang='lat' dir='ltr'>EPHRAEMIUS</span> 
     </span>
    </p>
   </div>
   <div class='ocr_carea' id='block_1_2' title="bbox 257 283 1324 2022">
    <p class='ocr_par' dir='ltr' id='par_1_2' title="bbox 257 283 1324 2022">
     <span class='ocr_line' id='line_1_2' title="bbox 387 283 1199 340; baseline 0.002 -14"><span class='ocrx_word' id='word_1_3' title='bbox 387 285 557 335; x_wconf 78' lang='grc' dir='ltr'><em>πολλοὺς</em></span> <span class='ocrx_word' id='word_1_4' title='bbox 576 283 730 340; x_wconf 78' lang='grc' dir='ltr'><em>ἀγῶνας</em></span> <span class='ocrx_word' id='word_1_5' title='bbox 748 284 886 340; x_wconf 75' lang='grc' dir='ltr'><em>ἀνέτλη</em></span> <span class='ocrx_word' id='word_1_6' title='bbox 905 286 970 327; x_wconf 81' lang='grc' dir='ltr'><em>καὶ</em></span> <span class='ocrx_word' id='word_1_7' title='bbox 986 283 1199 337; x_wconf 75' lang='grc' dir='ltr'><em>κινδύνους,</em></span> 
     </span>
     <span class='ocr_line' id='line_1_3' title="bbox 386 352 1310 410; baseline 0 -16"><span class='ocrx_word' id='word_1_8' title='bbox 386 353 444 395; x_wconf 81' lang='grc' dir='ltr'><strong>ἀεὶ</strong></span> <span class='ocrx_word' id='word_1_9' title='bbox 466 356 743 410; x_wconf 77' lang='grc' dir='ltr'><em>στραταρχῶν,</em></span> <span class='ocrx_word' id='word_1_10' title='bbox 773 354 862 395; x_wconf 80' lang='grc' dir='ltr'><em>κατ’</em></span> <span class='ocrx_word' id='word_1_11' title='bbox 887 354 1045 409; x_wconf 73' lang='grc' dir='ltr'><em>ἐχθρῶν</em></span> <span class='ocrx_word' id='word_1_12' title='bbox 1062 358 1178 395; x_wconf 80' lang='grc' dir='ltr'><em>κινῶν</em></span> <span class='ocrx_word' id='word_1_13' title='bbox 1198 352 1310 409; x_wconf 84' lang='grc' dir='ltr'><em>δόρυ,</em></span> 
     </span>
     <span class='ocr_line' id='line_1_4' title="bbox 389 418 1167 479; baseline 0 -17"><span class='ocrx_word' id='word_1_14' title='bbox 389 418 471 462; x_wconf 79' lang='grc' dir='ltr'><em>εἶτα</em></span> <span class='ocrx_word' id='word_1_15' title='bbox 489 420 716 477; x_wconf 76' lang='grc' dir='ltr'><em>σφαγέντων</em></span> <span class='ocrx_word' id='word_1_16' title='bbox 733 419 932 476; x_wconf 77' lang='grc' dir='ltr'><em>συγγόνων</em></span> <span class='ocrx_word' id='word_1_17' title='bbox 950 421 990 462; x_wconf 76' lang='grc' dir='ltr'><em>ἓν</em></span> <span class='ocrx_word' id='word_1_18' title='bbox 1010 419 1167 479; x_wconf 73' lang='grc' dir='ltr'><em>ἑσπέρᾳ,</em></span> 
     </span>
     <span class='ocr_line' id='line_1_5' title="bbox 383 486 1247 544; baseline -0.001 -15"><span class='ocrx_word' id='word_1_19' title='bbox 383 492 455 529; x_wconf 78' lang='grc' dir='ltr'><em>τοῦ</em></span> <span class='ocrx_word' id='word_1_20' title='bbox 470 488 543 541; x_wconf 80' lang='grc' dir='ltr'><em>μὲν</em></span> <span class='ocrx_word' id='word_1_21' title='bbox 564 492 763 536; x_wconf 81' lang='grc' dir='ltr'><em>κινοῦντος</em></span> <span class='ocrx_word' id='word_1_22' title='bbox 780 488 880 530; x_wconf 65' lang='grc' dir='ltr'><em>καθ’</em></span> <span class='ocrx_word' id='word_1_23' title='bbox 903 486 1120 541; x_wconf 80' lang='grc' dir='ltr'><em>ὃμαῖμονος</em></span> <span class='ocrx_word' id='word_1_24' title='bbox 1139 489 1247 544; x_wconf 80' lang='grc' dir='ltr'><em>ξίφη,</em></span> 
     </span>
     <span class='ocr_line' id='line_1_6' title="bbox 269 552 1324 612; baseline -0.002 -15"><span class='ocrx_word' id='word_1_25' title='bbox 269 555 349 598; x_wconf 85' lang='grc'><strong>415</strong></span> <span class='ocrx_word' id='word_1_26' title='bbox 383 559 455 596; x_wconf 85' lang='grc' dir='ltr'><em>τοῦ</em></span> <span class='ocrx_word' id='word_1_27' title='bbox 477 552 736 604; x_wconf 82' lang='grc' dir='ltr'><em>Κώνσταντος</em></span> <span class='ocrx_word' id='word_1_28' title='bbox 755 556 797 597; x_wconf 77' lang='grc' dir='ltr'><em>δὲ</em></span> <span class='ocrx_word' id='word_1_29' title='bbox 813 555 913 612; x_wconf 81' lang='grc' dir='ltr'><em>πρὸς</em></span> <span class='ocrx_word' id='word_1_30' title='bbox 932 557 1182 611; x_wconf 80' lang='grc' dir='ltr'><em>Μαγνεντίου</em></span> <span class='ocrx_word' id='word_1_31' title='bbox 1203 552 1324 611; x_wconf 73' lang='grc' dir='ltr'><em>δόλῳ,</em></span> 
     </span>
     <span class='ocr_line' id='line_1_7' title="bbox 381 620 1152 678; baseline 0.001 -15"><span class='ocrx_word' id='word_1_32' title='bbox 381 620 511 677; x_wconf 82' lang='grc' dir='ltr'><em>πάσης</em></span> <span class='ocrx_word' id='word_1_33' title='bbox 528 625 716 678; x_wconf 79' lang='grc' dir='ltr'><em>κατῆρξεν</em></span> <span class='ocrx_word' id='word_1_34' title='bbox 735 620 902 678; x_wconf 63' lang='grc' dir='ltr'><em>ἑσπέρας</em></span> <span class='ocrx_word' id='word_1_35' title='bbox 917 625 982 664; x_wconf 80' lang='grc' dir='ltr'><em>καὶ</em></span> <span class='ocrx_word' id='word_1_36' title='bbox 1001 627 1070 677; x_wconf 81' lang='grc' dir='ltr'><em>τῆς</em></span> <span class='ocrx_word' id='word_1_37' title='bbox 1088 623 1152 674; x_wconf 72' lang='grc' dir='ltr'><strong>ἕω,</strong></span> 
     </span>
     <span class='ocr_line' id='line_1_8' title="bbox 381 687 1171 747; baseline -0.001 -16"><span class='ocrx_word' id='word_1_38' title='bbox 381 689 630 745; x_wconf 81' lang='grc' dir='ltr'><em>Μαγνέντιον</em></span> <span class='ocrx_word' id='word_1_39' title='bbox 646 690 718 742; x_wconf 78' lang='grc' dir='ltr'><em>μὲν</em></span> <span class='ocrx_word' id='word_1_40' title='bbox 738 689 884 732; x_wconf 75' lang='grc' dir='ltr'><em>ἀνελὼν</em></span> <span class='ocrx_word' id='word_1_41' title='bbox 898 689 1031 743; x_wconf 85' lang='grc' dir='ltr'><em>μάχης</em></span> <span class='ocrx_word' id='word_1_42' title='bbox 1049 687 1171 747; x_wconf 85' lang='grc' dir='ltr'><em>νόμῳ,</em></span> 
     </span>
     <span class='ocr_line' id='line_1_9' title="bbox 377 751 1203 812; baseline -0.001 -14"><span class='ocrx_word' id='word_1_43' title='bbox 377 756 446 798; x_wconf 80' lang='grc' dir='ltr'><strong>τὸν</strong></span> <span class='ocrx_word' id='word_1_44' title='bbox 466 759 491 798; x_wconf 91' lang='grc' dir='ltr'><em>δ</em></span> <span class='ocrx_word' id='word_1_45' title='bbox 495 758 507 773; x_wconf 83' lang='lat'>²</span> <span class='ocrx_word' id='word_1_46' title='bbox 534 751 586 798; x_wconf 74' lang='grc' dir='ltr'><em>αὖ</em></span> <span class='ocrx_word' id='word_1_47' title='bbox 603 758 852 812; x_wconf 82' lang='grc' dir='ltr'><em>Βρετανίωνα</em></span> <span class='ocrx_word' id='word_1_48' title='bbox 871 757 939 799; x_wconf 82' lang='grc' dir='ltr'><strong>τὸν</strong></span> <span class='ocrx_word' id='word_1_49' title='bbox 960 756 1203 812; x_wconf 82' lang='grc' dir='ltr'><em>κακεργάτην</em></span> 
     </span>
     <span class='ocr_line' id='line_1_10' title="bbox 377 821 1131 881; baseline 0 -16"><span class='ocrx_word' id='word_1_50' title='bbox 377 821 549 877; x_wconf 83' lang='grc' dir='ltr'><em>ῧπηκόον</em></span> <span class='ocrx_word' id='word_1_51' title='bbox 567 825 655 872; x_wconf 75' lang='grc' dir='ltr'><em>θεὶς</em></span> <span class='ocrx_word' id='word_1_52' title='bbox 673 825 983 866; x_wconf 72' lang='grc' dir='ltr'><em>κατασεισθέντα</em></span> <span class='ocrx_word' id='word_1_53' title='bbox 1001 822 1131 881; x_wconf 77' lang='grc' dir='ltr'><em>φόβῳ.</em></span> 
     </span>
     <span class='ocr_line' id='line_1_11' title="bbox 265 885 1196 947; baseline -0.003 -13"><span class='ocrx_word' id='word_1_54' title='bbox 265 892 346 934; x_wconf 82' lang='grc'><strong>420</strong></span> <span class='ocrx_word' id='word_1_55' title='bbox 377 889 548 947; x_wconf 79' lang='grc' dir='ltr'><em>ὖπῆρχεν</em></span> <span class='ocrx_word' id='word_1_56' title='bbox 567 885 681 940; x_wconf 75' lang='grc' dir='ltr'><em>οὗτος</em></span> <span class='ocrx_word' id='word_1_57' title='bbox 699 891 862 947; x_wconf 84' lang='grc' dir='ltr'><em>εὐχερὴς</em></span> <span class='ocrx_word' id='word_1_58' title='bbox 876 892 948 945; x_wconf 74' lang='grc' dir='ltr'><em>μὲν</em></span> <span class='ocrx_word' id='word_1_59' title='bbox 966 891 1034 933; x_wconf 86' lang='grc' dir='ltr'><strong>τὸν</strong></span> <span class='ocrx_word' id='word_1_60' title='bbox 1051 890 1196 946; x_wconf 87' lang='grc' dir='ltr'><em>τρόπον</em></span> 
     </span>
     <span class='ocr_line' id='line_1_12' title="bbox 379 957 1251 1014; baseline 0 -15"><span class='ocrx_word' id='word_1_61' title='bbox 379 960 445 1000; x_wconf 85' lang='grc' dir='ltr'><em>καὶ</em></span> <span class='ocrx_word' id='word_1_62' title='bbox 463 957 630 1012; x_wconf 83' lang='grc' dir='ltr'><em>πάμπαν</em></span> <span class='ocrx_word' id='word_1_63' title='bbox 651 958 890 1014; x_wconf 80' lang='grc' dir='ltr'><em>εὐρίπιστος,</em></span> <span class='ocrx_word' id='word_1_64' title='bbox 920 959 1065 1012; x_wconf 77' lang='grc' dir='ltr'><em>ἀνέμου</em></span> <span class='ocrx_word' id='word_1_65' title='bbox 1083 959 1215 1005; x_wconf 81' lang='grc' dir='ltr'><em>πέδον,</em></span> <span class='ocrx_word' id='word_1_66' title='bbox 1247 958 1251 963; x_wconf 61' lang='grc'><strong>”</strong></span> 
     </span>
     <span class='ocr_line' id='line_1_13' title="bbox 379 1024 1063 1081; baseline 0 -15"><span class='ocrx_word' id='word_1_67' title='bbox 379 1024 582 1079; x_wconf 71' lang='grc' dir='ltr'><em>πειθήνιός</em></span> <span class='ocrx_word' id='word_1_68' title='bbox 599 1042 639 1067; x_wconf 88' lang='grc' dir='ltr'><em>τε</em></span> <span class='ocrx_word' id='word_1_69' title='bbox 658 1032 742 1075; x_wconf 80' lang='grc' dir='ltr'><em>τοῖς</em></span> <span class='ocrx_word' id='word_1_70' title='bbox 759 1026 1063 1081; x_wconf 79' lang='grc' dir='ltr'><em>ἆρειομανίταις,</em></span> 
     </span>
     <span class='ocr_line' id='line_1_14' title="bbox 379 1092 1216 1149; baseline 0 -15"><span class='ocrx_word' id='word_1_71' title='bbox 379 1092 490 1134; x_wconf 70' lang='grc' dir='ltr'><em>ἔνδον</em></span> <span class='ocrx_word' id='word_1_72' title='bbox 509 1094 553 1134; x_wconf 75' lang='grc' dir='ltr'><em>δὲ</em></span> <span class='ocrx_word' id='word_1_73' title='bbox 570 1093 638 1134; x_wconf 83' lang='grc' dir='ltr'><strong>τὸν</strong></span> <span class='ocrx_word' id='word_1_74' title='bbox 657 1097 750 1134; x_wconf 82' lang='grc' dir='ltr'><em>νοῦν</em></span> <span class='ocrx_word' id='word_1_75' title='bbox 771 1095 825 1143; x_wconf 78' lang='grc' dir='ltr'><strong>εἷς</strong></span> <span class='ocrx_word' id='word_1_76' title='bbox 842 1095 964 1146; x_wconf 80' lang='grc' dir='ltr'><em>σέβας</em></span> <span class='ocrx_word' id='word_1_77' title='bbox 985 1092 1216 1149; x_wconf 75' lang='grc' dir='ltr'><em>ἐρρωμένος,</em></span> 
     </span>
     <span class='ocr_line' id='line_1_15' title="bbox 375 1158 1241 1216; baseline 0.001 -15"><span class='ocrx_word' id='word_1_78' title='bbox 375 1158 532 1215; x_wconf 85' lang='grc' dir='ltr'><em>κράτωρ</em></span> <span class='ocrx_word' id='word_1_79' title='bbox 556 1159 737 1216; x_wconf 74' lang='grc' dir='ltr'><em>ἀριστεὺς</em></span> <span class='ocrx_word' id='word_1_80' title='bbox 756 1162 821 1201; x_wconf 82' lang='grc' dir='ltr'><em>καὶ</em></span> <span class='ocrx_word' id='word_1_81' title='bbox 841 1161 1022 1214; x_wconf 84' lang='grc' dir='ltr'><em>μαχητὴς</em></span> <span class='ocrx_word' id='word_1_82' title='bbox 1039 1158 1241 1214; x_wconf 77' lang='grc' dir='ltr'><em>γεννάδας,</em></span> 
     </span>
     <span class='ocr_line' id='line_1_16' title="bbox 260 1225 1158 1282; baseline -0.002 -12"><span class='ocrx_word' id='word_1_83' title='bbox 260 1228 340 1270; x_wconf 82' lang='lat'><strong>425</strong></span> <span class='ocrx_word' id='word_1_84' title='bbox 374 1225 492 1281; x_wconf 68' lang='grc' dir='ltr'><em>ἡδύς,</em></span> <span class='ocrx_word' id='word_1_85' title='bbox 521 1226 744 1282; x_wconf 85' lang='grc' dir='ltr'><em>προσηνής,</em></span> <span class='ocrx_word' id='word_1_86' title='bbox 775 1226 937 1280; x_wconf 71' lang='grc' dir='ltr'><em>εὐμενὴς</em></span> <span class='ocrx_word' id='word_1_87' title='bbox 957 1225 1158 1280; x_wconf 72' lang='grc' dir='ltr'><em>ὑπηκόοις,</em></span> 
     </span>
     <span class='ocr_line' id='line_1_17' title="bbox 376 1292 1114 1350; baseline -0.001 -15"><span class='ocrx_word' id='word_1_88' title='bbox 376 1295 469 1350; x_wconf 87' lang='grc' dir='ltr'><em>περί</em></span> <span class='ocrx_word' id='word_1_89' title='bbox 484 1310 525 1335; x_wconf 85' lang='grc' dir='ltr'><em>τε</em></span> <span class='ocrx_word' id='word_1_90' title='bbox 546 1293 618 1347; x_wconf 86' lang='grc' dir='ltr'><strong>τὴν</strong></span> <span class='ocrx_word' id='word_1_91' title='bbox 634 1295 787 1335; x_wconf 85' lang='grc' dir='ltr'><em>δίαιταν</em></span> <span class='ocrx_word' id='word_1_92' title='bbox 805 1293 996 1350; x_wconf 69' lang='grc' dir='ltr'><em>ἐγκρατὴς</em></span> <span class='ocrx_word' id='word_1_93' title='bbox 1013 1292 1114 1347; x_wconf 70' lang='grc' dir='ltr'><em>ἄγαν</em></span> 
     </span>
     <span class='ocr_line' id='line_1_18' title="bbox 375 1356 1285 1417; baseline -0.002 -15"><span class='ocrx_word' id='word_1_94' title='bbox 375 1362 441 1402; x_wconf 83' lang='grc' dir='ltr'><em>καὶ</em></span> <span class='ocrx_word' id='word_1_95' title='bbox 459 1359 725 1417; x_wconf 87' lang='grc' dir='ltr'><em>σωφρονικός,</em></span> <span class='ocrx_word' id='word_1_96' title='bbox 759 1361 825 1401; x_wconf 84' lang='grc' dir='ltr'><em>καὶ</em></span> <span class='ocrx_word' id='word_1_97' title='bbox 845 1363 992 1400; x_wconf 73' lang='grc' dir='ltr'><em>παθῶν</em></span> <span class='ocrx_word' id='word_1_98' title='bbox 1012 1356 1285 1415; x_wconf 81' lang='grc' dir='ltr'><em>αὐτοκράτωρ.</em></span> 
     </span>
     <span class='ocr_line' id='line_1_19' title="bbox 352 1422 1246 1483; baseline -0.003 -14"><span class='ocrx_word' id='word_1_99' title='bbox 352 1450 357 1456; x_wconf 58' lang='grc'><strong><em>’</em></strong></span> <span class='ocrx_word' id='word_1_100' title='bbox 374 1430 440 1469; x_wconf 81' lang='grc' dir='ltr'><em>καὶ</em></span> <span class='ocrx_word' id='word_1_101' title='bbox 457 1428 529 1477; x_wconf 81' lang='grc' dir='ltr'><em>τὰς</em></span> <span class='ocrx_word' id='word_1_102' title='bbox 547 1427 691 1483; x_wconf 76' lang='grc' dir='ltr'><em>κρίσεις</em></span> <span class='ocrx_word' id='word_1_103' title='bbox 707 1422 755 1480; x_wconf 78' lang='grc' dir='ltr'><em>ἦν</em></span> <span class='ocrx_word' id='word_1_104' title='bbox 772 1426 948 1483; x_wconf 76' lang='grc' dir='ltr'><em>ἐκφέρων</em></span> <span class='ocrx_word' id='word_1_105' title='bbox 966 1424 1067 1467; x_wconf 76' lang='grc' dir='ltr'><em>κατὰ</em></span> <span class='ocrx_word' id='word_1_106' title='bbox 1086 1424 1246 1479; x_wconf 87' lang='grc' dir='ltr'><em>νόμους,</em></span> 
     </span>
     <span class='ocr_line' id='line_1_20' title="bbox 376 1491 1181 1548; baseline -0.002 -12"><span class='ocrx_word' id='word_1_107' title='bbox 376 1493 627 1548; x_wconf 79' lang='grc' dir='ltr'><em>δικαιοσύνης</em></span> <span class='ocrx_word' id='word_1_108' title='bbox 649 1494 688 1535; x_wconf 72' lang='grc' dir='ltr'><em>δ’</em></span> <span class='ocrx_word' id='word_1_109' title='bbox 713 1493 900 1546; x_wconf 78' lang='grc' dir='ltr'><em>οὐδαμῶς</em></span> <span class='ocrx_word' id='word_1_110' title='bbox 921 1491 1181 1548; x_wconf 76' lang='grc' dir='ltr'><em>ὖπεκτρέχων,</em></span> 
     </span>
     <span class='ocr_line' id='line_1_21' title="bbox 257 1558 1067 1618; baseline -0.006 -14"><span class='ocrx_word' id='word_1_111' title='bbox 257 1562 339 1606; x_wconf 88' lang='grc'><strong>430</strong></span> <span class='ocrx_word' id='word_1_112' title='bbox 373 1560 683 1618; x_wconf 79' lang='grc' dir='ltr'><em>ἀρχαιρεσιάζων</em></span> <span class='ocrx_word' id='word_1_113' title='bbox 702 1577 743 1602; x_wconf 84' lang='grc' dir='ltr'><em>τε</em></span> <span class='ocrx_word' id='word_1_114' title='bbox 763 1558 947 1615; x_wconf 76' lang='grc' dir='ltr'><em>καθάπερ</em></span> <span class='ocrx_word' id='word_1_115' title='bbox 967 1559 1067 1614; x_wconf 76' lang='grc' dir='ltr'><em>δέον,</em></span> 
     </span>
     <span class='ocr_line' id='line_1_22' title="bbox 371 1626 1136 1683; baseline -0.008 -12"><span class='ocrx_word' id='word_1_116' title='bbox 371 1628 445 1678; x_wconf 81' lang='grc' dir='ltr'><em>τὰς</em></span> <span class='ocrx_word' id='word_1_117' title='bbox 465 1629 576 1678; x_wconf 82' lang='grc' dir='ltr'><em>ἀξίας</em></span> <span class='ocrx_word' id='word_1_118' title='bbox 591 1645 632 1671; x_wconf 90' lang='grc' dir='ltr'><em>τε</em></span> <span class='ocrx_word' id='word_1_119' title='bbox 650 1627 882 1683; x_wconf 71' lang='grc' dir='ltr'><em>προσνέμων</em></span> <span class='ocrx_word' id='word_1_120' title='bbox 900 1633 981 1675; x_wconf 81' lang='grc' dir='ltr'><em>τοῖς</em></span> <span class='ocrx_word' id='word_1_121' title='bbox 1002 1626 1136 1676; x_wconf 79' lang='grc' dir='ltr'><em>ἀξίοις,</em></span> 
     </span>
     <span class='ocr_line' id='line_1_23' title="bbox 371 1690 1294 1750; baseline -0.004 -13"><span class='ocrx_word' id='word_1_122' title='bbox 371 1698 437 1737; x_wconf 83' lang='grc' dir='ltr'><em>καὶ</em></span> <span class='ocrx_word' id='word_1_123' title='bbox 458 1694 587 1738; x_wconf 88' lang='grc' dir='ltr'><em>πάντα</em></span> <span class='ocrx_word' id='word_1_124' title='bbox 605 1699 727 1737; x_wconf 83' lang='grc' dir='ltr'><em>ποιῶν</em></span> <span class='ocrx_word' id='word_1_125' title='bbox 745 1694 819 1736; x_wconf 73' lang='grc' dir='ltr'><em>σὺν</em></span> <span class='ocrx_word' id='word_1_126' title='bbox 836 1691 939 1750; x_wconf 81' lang='grc' dir='ltr'><em>λόγῳ</em></span> <span class='ocrx_word' id='word_1_127' title='bbox 957 1692 1007 1734; x_wconf 80' lang='grc' dir='ltr'><em>τὰ</em></span> <span class='ocrx_word' id='word_1_128' title='bbox 1023 1697 1094 1735; x_wconf 79' lang='grc' dir='ltr'><em>τοῦ</em></span> <span class='ocrx_word' id='word_1_129' title='bbox 1111 1690 1294 1749; x_wconf 80' lang='grc' dir='ltr'><em>κράτους,</em></span> 
     </span>
     <span class='ocr_line' id='line_1_24' title="bbox 375 1761 1060 1819; baseline -0.007 -14"><span class='ocrx_word' id='word_1_130' title='bbox 375 1763 422 1804; x_wconf 82' lang='grc' dir='ltr'><strong>οὐ</strong></span> <span class='ocrx_word' id='word_1_131' title='bbox 441 1767 702 1819; x_wconf 71' lang='grc' dir='ltr'><em>συναριθμῶν</em></span> <span class='ocrx_word' id='word_1_132' title='bbox 718 1761 858 1803; x_wconf 84' lang='grc' dir='ltr'><em>οὐδένα</em></span> <span class='ocrx_word' id='word_1_133' title='bbox 875 1761 1060 1818; x_wconf 68' lang='grc' dir='ltr'><em>γερουσία</em></span> 
     </span>
     <span class='ocr_line' id='line_1_25' title="bbox 373 1824 1207 1884; baseline -0.006 -12"><span class='ocrx_word' id='word_1_134' title='bbox 373 1829 416 1879; x_wconf 83' lang='grc' dir='ltr'><strong>ὃς</strong></span> <span class='ocrx_word' id='word_1_135' title='bbox 436 1830 482 1872; x_wconf 87' lang='grc' dir='ltr'><strong>οὐ</strong></span> <span class='ocrx_word' id='word_1_136' title='bbox 499 1830 660 1884; x_wconf 79' lang='grc' dir='ltr'><em>μετέσχε</em></span> <span class='ocrx_word' id='word_1_137' title='bbox 677 1833 755 1871; x_wconf 83' lang='grc' dir='ltr'><strong>τῶν</strong></span> <span class='ocrx_word' id='word_1_138' title='bbox 775 1832 912 1884; x_wconf 84' lang='grc' dir='ltr'><em>σοφῶν</em></span> <span class='ocrx_word' id='word_1_139' title='bbox 929 1824 1207 1880; x_wconf 83' lang='grc' dir='ltr'><em>παιδευμάτων</em></span> 
     </span>
     <span class='ocr_line' id='line_1_26' title="bbox 259 1891 1271 1951; baseline -0.004 -13"><span class='ocrx_word' id='word_1_140' title='bbox 259 1896 339 1940; x_wconf 83' lang='grc'><strong>435</strong></span> <span class='ocrx_word' id='word_1_141' title='bbox 372 1896 471 1951; x_wconf 80' lang='grc' dir='ltr'><em>μηδ’</em></span> <span class='ocrx_word' id='word_1_142' title='bbox 499 1891 550 1939; x_wconf 79' lang='grc' dir='ltr'><em>αὐ</em></span> <span class='ocrx_word' id='word_1_143' title='bbox 568 1897 689 1951; x_wconf 84' lang='grc' dir='ltr'><em>λέγειν</em></span> <span class='ocrx_word' id='word_1_144' title='bbox 707 1894 854 1950; x_wconf 74' lang='grc' dir='ltr'><em>ἤσκητο</em></span> <span class='ocrx_word' id='word_1_145' title='bbox 875 1896 940 1936; x_wconf 80' lang='grc' dir='ltr'><em>καὶ</em></span> <span class='ocrx_word' id='word_1_146' title='bbox 958 1898 1090 1943; x_wconf 79' lang='grc' dir='ltr'><em>καλῶς</em></span> <span class='ocrx_word' id='word_1_147' title='bbox 1106 1891 1271 1951; x_wconf 80' lang='grc' dir='ltr'><em>γράφειν</em></span> 
     </span>
     <span class='ocr_line' id='line_1_27' title="bbox 374 1961 1161 2022; baseline -0.004 -16"><span class='ocrx_word' id='word_1_148' title='bbox 374 1961 651 2019; x_wconf 79' lang='grc' dir='ltr'><em>καταλογάδην</em></span> <span class='ocrx_word' id='word_1_149' title='bbox 672 1962 744 2005; x_wconf 71' lang='grc' dir='ltr'><em>εἴτε</em></span> <span class='ocrx_word' id='word_1_150' title='bbox 765 1962 912 2022; x_wconf 75' lang='grc' dir='ltr'><em>ῥυθμῷ</em></span> <span class='ocrx_word' id='word_1_151' title='bbox 932 1963 998 2003; x_wconf 81' lang='grc' dir='ltr'><em>καὶ</em></span> <span class='ocrx_word' id='word_1_152' title='bbox 1015 1962 1161 2019; x_wconf 80' lang='grc' dir='ltr'><em>μέτρῳ,</em></span> 
     </span>
    </p>
   </div>
   <div class='ocr_carea' id='block_1_3' title="bbox 456 2069 696 2104">
    <p class='ocr_par' dir='ltr' id='par_1_3' title="bbox 456 2069 696 2104">
     <span class='ocr_line' id='line_1_28' title="bbox 456 2069 696 2104; baseline -0.004 -1"><span class='ocrx_word' id='word_1_153' title='bbox 456 2069 523 2104; x_wconf 85' lang='grc'><strong>418</strong></span> <span class='ocrx_word' id='word_1_154' title='bbox 545 2069 596 2103; x_wconf 86' lang='lat' dir='ltr'><strong>ita</strong></span> <span class='ocrx_word' id='word_1_155' title='bbox 618 2069 696 2104; x_wconf 86' lang='lat' dir='ltr'><strong>cod.</strong></span> 
     </span>
    </p>
   </div>
   <div class='ocr_carea' id='block_1_4' title="bbox 238 2153 1673 2835">
    <p class='ocr_par' dir='ltr' id='par_1_4' title="bbox 238 2153 1673 2835">
     <span class='ocr_line' id='line_1_29' title="bbox 240 2153 1673 2204; baseline -0.005 -11"><span class='ocrx_word' id='word_1_156' title='bbox 240 2159 368 2204; x_wconf 86' lang='lat' dir='ltr'><strong>optime</strong></span> <span class='ocrx_word' id='word_1_157' title='bbox 388 2157 566 2203; x_wconf 89' lang='lat' dir='ltr'><strong>imperium</strong></span> <span class='ocrx_word' id='word_1_158' title='bbox 587 2168 711 2202; x_wconf 84' lang='lat' dir='ltr'><strong>gerens</strong></span> <span class='ocrx_word' id='word_1_159' title='bbox 734 2156 855 2190; x_wconf 83' lang='lat' dir='ltr'><strong>multos</strong></span> <span class='ocrx_word' id='word_1_160' title='bbox 881 2167 1009 2201; x_wconf 85' lang='lat' dir='ltr'><strong>agonas</strong></span> <span class='ocrx_word' id='word_1_161' title='bbox 1031 2155 1172 2201; x_wconf 86' lang='lat' dir='ltr'><strong>pertulit</strong></span> <span class='ocrx_word' id='word_1_162' title='bbox 1195 2165 1236 2188; x_wconf 83' lang='lat' dir='ltr'><strong>ac</strong></span> <span class='ocrx_word' id='word_1_163' title='bbox 1257 2153 1470 2196; x_wconf 84' lang='lat' dir='ltr'><strong>discrimina,</strong></span> <span class='ocrx_word' id='word_1_164' title='bbox 1507 2157 1673 2198; x_wconf 82' lang='lat' dir='ltr'><strong>perpetuo</strong></span> 
     </span>
     <span class='ocr_line' id='line_1_30' title="bbox 239 2199 1672 2248; baseline -0.006 -9"><span class='ocrx_word' id='word_1_165' title='bbox 239 2204 388 2239; x_wconf 82' lang='lat' dir='ltr'><strong>militans</strong></span> <span class='ocrx_word' id='word_1_166' title='bbox 410 2204 595 2248; x_wconf 76' lang='lat' dir='ltr'><strong>hostesque</strong></span> <span class='ocrx_word' id='word_1_167' title='bbox 614 2202 717 2236; x_wconf 81' lang='lat' dir='ltr'><strong>armis</strong></span> <span class='ocrx_word' id='word_1_168' title='bbox 733 2213 956 2246; x_wconf 82' lang='lat' dir='ltr'><strong>persequens.</strong></span> <span class='ocrx_word' id='word_1_169' title='bbox 1001 2201 1125 2234; x_wconf 88' lang='lat' dir='ltr'><strong>deinde</strong></span> <span class='ocrx_word' id='word_1_170' title='bbox 1149 2200 1271 2233; x_wconf 89' lang='lat' dir='ltr'><strong>occisis</strong></span> <span class='ocrx_word' id='word_1_171' title='bbox 1295 2199 1331 2231; x_wconf 87' lang='lat' dir='ltr'><strong>in</strong></span> <span class='ocrx_word' id='word_1_172' title='bbox 1354 2199 1531 2232; x_wconf 86' lang='lat' dir='ltr'><strong>occidente</strong></span> <span class='ocrx_word' id='word_1_173' title='bbox 1553 2199 1672 2232; x_wconf 84' lang='lat' dir='ltr'><strong>fratri-</strong></span> 
     </span>
     <span class='ocr_line' id='line_1_31' title="bbox 238 2243 1672 2294; baseline -0.006 -10"><span class='ocrx_word' id='word_1_174' title='bbox 238 2252 323 2294; x_wconf 91' lang='lat' dir='ltr'><strong>bus,</strong></span> <span class='ocrx_word' id='word_1_175' title='bbox 350 2248 575 2284; x_wconf 80' lang='lat' dir='ltr'><strong>Constantino</strong></span> <span class='ocrx_word' id='word_1_176' title='bbox 600 2248 680 2292; x_wconf 87' lang='lat' dir='ltr'><strong>quia</strong></span> <span class='ocrx_word' id='word_1_177' title='bbox 702 2247 841 2281; x_wconf 80' lang='lat' dir='ltr'><strong>fratrem</strong></span> <span class='ocrx_word' id='word_1_178' title='bbox 866 2247 965 2280; x_wconf 86' lang='lat' dir='ltr'><strong>armis</strong></span> <span class='ocrx_word' id='word_1_179' title='bbox 989 2246 1232 2287; x_wconf 80' lang='lat' dir='ltr'><strong>lacessiverat,</strong></span> <span class='ocrx_word' id='word_1_180' title='bbox 1255 2243 1356 2286; x_wconf 86' lang='lat'>(415)</span> <span class='ocrx_word' id='word_1_181' title='bbox 1379 2244 1568 2277; x_wconf 83' lang='lat' dir='ltr'><strong>Constante</strong></span> <span class='ocrx_word' id='word_1_182' title='bbox 1585 2243 1672 2277; x_wconf 82' lang='lat' dir='ltr'><strong>dolis</strong></span> 
     </span>
     <span class='ocr_line' id='line_1_32' title="bbox 239 2289 1672 2339; baseline -0.006 -9"><span class='ocrx_word' id='word_1_183' title='bbox 239 2295 431 2339; x_wconf 81' lang='lat' dir='ltr'><strong>Magnentii</strong></span> <span class='ocrx_word' id='word_1_184' title='bbox 463 2293 620 2337; x_wconf 85' lang='lat' dir='ltr'><strong>irretito,</strong></span> <span class='ocrx_word' id='word_1_185' title='bbox 655 2292 753 2326; x_wconf 65' lang='lat' dir='ltr'><strong>orbis*</strong></span> <span class='ocrx_word' id='word_1_186' title='bbox 779 2291 933 2325; x_wconf 85' lang='lat' dir='ltr'><strong>universi</strong></span> <span class='ocrx_word' id='word_1_187' title='bbox 967 2290 1189 2325; x_wconf 84' lang='lat' dir='ltr'>Constantius</span> <span class='ocrx_word' id='word_1_188' title='bbox 1223 2293 1393 2333; x_wconf 85' lang='lat' dir='ltr'><strong>sceptrum</strong></span> <span class='ocrx_word' id='word_1_189' title='bbox 1426 2289 1549 2323; x_wconf 88' lang='lat' dir='ltr'><strong>tenuit.</strong></span> <span class='ocrx_word' id='word_1_190' title='bbox 1596 2300 1672 2322; x_wconf 84' lang='lat' dir='ltr'><strong>nam</strong></span> 
     </span>
     <span class='ocr_line' id='line_1_33' title="bbox 240 2333 1672 2384; baseline -0.005 -10"><span class='ocrx_word' id='word_1_191' title='bbox 240 2340 474 2384; x_wconf 80' lang='lat' dir='ltr'><strong>Magnentium</strong></span> <span class='ocrx_word' id='word_1_192' title='bbox 497 2338 633 2384; x_wconf 90' lang='lat' dir='ltr'><strong>quidem</strong></span> <span class='ocrx_word' id='word_1_193' title='bbox 656 2336 737 2371; x_wconf 87' lang='lat' dir='ltr'><strong>belli</strong></span> <span class='ocrx_word' id='word_1_194' title='bbox 758 2337 833 2370; x_wconf 90' lang='lat' dir='ltr'><strong>iure</strong></span> <span class='ocrx_word' id='word_1_195' title='bbox 856 2335 1009 2371; x_wconf 84' lang='lat' dir='ltr'><strong>sustulit:</strong></span> <span class='ocrx_word' id='word_1_196' title='bbox 1034 2341 1070 2369; x_wconf 84' lang='lat' dir='ltr'><strong>at</strong></span> <span class='ocrx_word' id='word_1_197' title='bbox 1087 2334 1349 2377; x_wconf 85' lang='lat' dir='ltr'><strong>Vetranionem,</strong></span> <span class='ocrx_word' id='word_1_198' title='bbox 1374 2333 1433 2377; x_wconf 85' lang='lat' dir='ltr'><strong>qui</strong></span> <span class='ocrx_word' id='word_1_199' title='bbox 1454 2339 1594 2377; x_wconf 84' lang='lat' dir='ltr'><strong>praeter</strong></span> <span class='ocrx_word' id='word_1_200' title='bbox 1615 2335 1672 2367; x_wconf 82' lang='lat' dir='ltr'><strong>sas</strong></span> 
     </span>
     <span class='ocr_line' id='line_1_34' title="bbox 241 2379 1672 2429; baseline -0.005 -11"><span class='ocrx_word' id='word_1_201' title='bbox 241 2396 280 2418; x_wconf 84' lang='lat' dir='ltr'><strong>se</strong></span> <span class='ocrx_word' id='word_1_202' title='bbox 297 2389 462 2429; x_wconf 79' lang='lat' dir='ltr'><strong>gesserat,</strong></span> <span class='ocrx_word' id='word_1_203' title='bbox 487 2384 679 2428; x_wconf 89' lang='lat' dir='ltr'><strong>perculsum</strong></span> <span class='ocrx_word' id='word_1_204' title='bbox 699 2387 790 2416; x_wconf 82' lang='lat' dir='ltr'><strong>metu</strong></span> <span class='ocrx_word' id='word_1_205' title='bbox 810 2382 977 2416; x_wconf 84' lang='lat' dir='ltr'><strong>subditum</strong></span> <span class='ocrx_word' id='word_1_206' title='bbox 997 2381 1064 2414; x_wconf 84' lang='lat' dir='ltr'><strong>sibi</strong></span> <span class='ocrx_word' id='word_1_207' title='bbox 1080 2380 1178 2414; x_wconf 84' lang='lat' dir='ltr'><strong>fecit.</strong></span> <span class='ocrx_word' id='word_1_208' title='bbox 1225 2379 1327 2422; x_wconf 74' lang='lat'>(420)</span> <span class='ocrx_word' id='word_1_209' title='bbox 1351 2384 1427 2413; x_wconf 85' lang='lat' dir='ltr'><strong>erat</strong></span> <span class='ocrx_word' id='word_1_210' title='bbox 1448 2379 1672 2413; x_wconf 81' lang='lat' dir='ltr'><strong>Constantius</strong></span> 
     </span>
     <span class='ocr_line' id='line_1_35' title="bbox 241 2423 1671 2474; baseline -0.004 -11"><span class='ocrx_word' id='word_1_211' title='bbox 241 2435 363 2474; x_wconf 80' lang='lat' dir='ltr'><strong>suapte</strong></span> <span class='ocrx_word' id='word_1_212' title='bbox 384 2429 512 2473; x_wconf 88' lang='lat' dir='ltr'><strong>ingenii</strong></span> <span class='ocrx_word' id='word_1_213' title='bbox 535 2429 641 2472; x_wconf 86' lang='lat' dir='ltr'><strong>levis,</strong></span> <span class='ocrx_word' id='word_1_214' title='bbox 666 2438 806 2472; x_wconf 87' lang='lat' dir='ltr'><strong>prorsus</strong></span> <span class='ocrx_word' id='word_1_215' title='bbox 827 2426 999 2461; x_wconf 84' lang='lat' dir='ltr'><strong>versatilis</strong></span> <span class='ocrx_word' id='word_1_216' title='bbox 1020 2437 1083 2459; x_wconf 88' lang='lat' dir='ltr'><strong>ceu</strong></span> <span class='ocrx_word' id='word_1_217' title='bbox 1098 2424 1210 2469; x_wconf 75' lang='lat' dir='ltr'><strong>pulvis</strong></span> <span class='ocrx_word' id='word_1_218' title='bbox 1226 2429 1329 2457; x_wconf 76' lang='lat' dir='ltr'><strong>vento</strong></span> <span class='ocrx_word' id='word_1_219' title='bbox 1347 2423 1541 2468; x_wconf 86' lang='lat' dir='ltr'><strong>expositus,</strong></span> <span class='ocrx_word' id='word_1_220' title='bbox 1565 2434 1671 2468; x_wconf 81' lang='lat' dir='ltr'><strong>seque</strong></span> 
     </span>
     <span class='ocr_line' id='line_1_36' title="bbox 241 2469 1671 2516; baseline -0.004 -8"><span class='ocrx_word' id='word_1_221' title='bbox 241 2475 285 2508; x_wconf 87' lang='lat' dir='ltr'><strong>ab</strong></span> <span class='ocrx_word' id='word_1_222' title='bbox 308 2473 382 2507; x_wconf 84' lang='lat' dir='ltr'><strong>Arii</strong></span> <span class='ocrx_word' id='word_1_223' title='bbox 405 2475 565 2508; x_wconf 77' lang='lat' dir='ltr'><strong>studiosis</strong></span> <span class='ocrx_word' id='word_1_224' title='bbox 589 2473 724 2508; x_wconf 87' lang='lat' dir='ltr'><strong>sinebat</strong></span> <span class='ocrx_word' id='word_1_225' title='bbox 747 2471 847 2515; x_wconf 86' lang='lat' dir='ltr'><strong>duci,</strong></span> <span class='ocrx_word' id='word_1_226' title='bbox 882 2482 1073 2516; x_wconf 86' lang='lat' dir='ltr'><strong>quanquam</strong></span> <span class='ocrx_word' id='word_1_227' title='bbox 1095 2471 1171 2514; x_wconf 90' lang='lat' dir='ltr'><strong>ipse</strong></span> <span class='ocrx_word' id='word_1_228' title='bbox 1196 2469 1340 2502; x_wconf 83' lang='lat' dir='ltr'><strong>animum</strong></span> <span class='ocrx_word' id='word_1_229' title='bbox 1363 2469 1586 2503; x_wconf 83' lang='lat' dir='ltr'><strong>orthodoxum</strong></span> <span class='ocrx_word' id='word_1_230' title='bbox 1607 2480 1671 2512; x_wconf 84' lang='lat' dir='ltr'><strong>ge-</strong></span> 
     </span>
     <span class='ocr_line' id='line_1_37' title="bbox 240 2513 1670 2564; baseline -0.005 -11"><span class='ocrx_word' id='word_1_231' title='bbox 240 2524 354 2562; x_wconf 82' lang='lat' dir='ltr'><strong>reret,</strong></span> <span class='ocrx_word' id='word_1_232' title='bbox 389 2519 548 2564; x_wconf 87' lang='lat' dir='ltr'><strong>princeps</strong></span> <span class='ocrx_word' id='word_1_233' title='bbox 577 2518 753 2563; x_wconf 79' lang='lat' dir='ltr'><strong>egregius,</strong></span> <span class='ocrx_word' id='word_1_234' title='bbox 787 2522 944 2552; x_wconf 82' lang='lat' dir='ltr'><strong>strenuus</strong></span> <span class='ocrx_word' id='word_1_235' title='bbox 977 2516 1140 2558; x_wconf 78' lang='lat' dir='ltr'><strong>bellator,</strong></span> <span class='ocrx_word' id='word_1_236' title='bbox 1182 2514 1282 2558; x_wconf 71' lang='lat'>(425)</span> <span class='ocrx_word' id='word_1_237' title='bbox 1314 2513 1477 2558; x_wconf 84' lang='lat' dir='ltr'><strong>blandus,</strong></span> <span class='ocrx_word' id='word_1_238' title='bbox 1511 2513 1670 2557; x_wconf 78' lang='lat' dir='ltr'><strong>affabilis,</strong></span> 
     </span>
     <span class='ocr_line' id='line_1_38' title="bbox 240 2558 1669 2608; baseline -0.005 -10"><span class='ocrx_word' id='word_1_239' title='bbox 240 2563 419 2598; x_wconf 81' lang='lat' dir='ltr'><strong>benivolus</strong></span> <span class='ocrx_word' id='word_1_240' title='bbox 443 2576 524 2608; x_wconf 84' lang='lat' dir='ltr'><strong>erga</strong></span> <span class='ocrx_word' id='word_1_241' title='bbox 547 2564 719 2608; x_wconf 82' lang='lat' dir='ltr'><strong>subditos,</strong></span> <span class='ocrx_word' id='word_1_242' title='bbox 740 2562 829 2597; x_wconf 86' lang='lat' dir='ltr'><strong>idem</strong></span> <span class='ocrx_word' id='word_1_243' title='bbox 845 2562 914 2596; x_wconf 87' lang='lat' dir='ltr'><strong>cibi</strong></span> <span class='ocrx_word' id='word_1_244' title='bbox 929 2566 1096 2606; x_wconf 86' lang='lat' dir='ltr'><strong>potusque</strong></span> <span class='ocrx_word' id='word_1_245' title='bbox 1114 2559 1456 2604; x_wconf 87' lang='lat' dir='ltr'><strong>temperantissimus,</strong></span> <span class='ocrx_word' id='word_1_246' title='bbox 1481 2558 1669 2601; x_wconf 76' lang='lat' dir='ltr'><strong>confinem,</strong></span> 
     </span>
     <span class='ocr_line' id='line_1_39' title="bbox 242 2604 1671 2653; baseline -0.005 -9"><span class='ocrx_word' id='word_1_247' title='bbox 242 2609 346 2644; x_wconf 81' lang='lat' dir='ltr'><strong>animi</strong></span> <span class='ocrx_word' id='word_1_248' title='bbox 369 2608 591 2653; x_wconf 77' lang='lat' dir='ltr'><strong>cupiditatum</strong></span> <span class='ocrx_word' id='word_1_249' title='bbox 613 2609 787 2652; x_wconf 88' lang='lat' dir='ltr'><strong>dominus,</strong></span> <span class='ocrx_word' id='word_1_250' title='bbox 810 2608 925 2642; x_wconf 88' lang='lat' dir='ltr'><strong>dicere</strong></span> <span class='ocrx_word' id='word_1_251' title='bbox 946 2607 1000 2640; x_wconf 82' lang='lat' dir='ltr'><strong>ius</strong></span> <span class='ocrx_word' id='word_1_252' title='bbox 1023 2618 1065 2639; x_wconf 86' lang='lat' dir='ltr'><strong>ex</strong></span> <span class='ocrx_word' id='word_1_253' title='bbox 1086 2605 1196 2650; x_wconf 87' lang='lat' dir='ltr'><strong>legum</strong></span> <span class='ocrx_word' id='word_1_254' title='bbox 1219 2615 1334 2638; x_wconf 77' lang='lat' dir='ltr'><strong>norma</strong></span> <span class='ocrx_word' id='word_1_255' title='bbox 1356 2604 1490 2647; x_wconf 87' lang='lat' dir='ltr'><strong>solitus,</strong></span> <span class='ocrx_word' id='word_1_256' title='bbox 1515 2614 1626 2647; x_wconf 88' lang='lat' dir='ltr'><strong>neque</strong></span> <span class='ocrx_word' id='word_1_257' title='bbox 1649 2615 1671 2637; x_wconf 82' lang='lat' dir='ltr'><strong>a</strong></span> 
     </span>
     <span class='ocr_line' id='line_1_40' title="bbox 242 2649 1671 2698; baseline -0.005 -10"><span class='ocrx_word' id='word_1_258' title='bbox 242 2653 377 2689; x_wconf 84' lang='lat' dir='ltr'><strong>iustitia</strong></span> <span class='ocrx_word' id='word_1_259' title='bbox 403 2653 505 2688; x_wconf 87' lang='lat' dir='ltr'><strong>latum</strong></span> <span class='ocrx_word' id='word_1_260' title='bbox 534 2665 678 2698; x_wconf 88' lang='lat' dir='ltr'><strong>unguem</strong></span> <span class='ocrx_word' id='word_1_261' title='bbox 707 2653 904 2694; x_wconf 79' lang='lat' dir='ltr'><strong>discedens3</strong></span> <span class='ocrx_word' id='word_1_262' title='bbox 940 2652 1041 2695; x_wconf 79' lang='lat'><strong>(430)</strong></span> <span class='ocrx_word' id='word_1_263' title='bbox 1064 2656 1134 2684; x_wconf 89' lang='lat' dir='ltr'><strong>tum</strong></span> <span class='ocrx_word' id='word_1_264' title='bbox 1158 2655 1192 2684; x_wconf 87' lang='lat' dir='ltr'><strong>et</strong></span> <span class='ocrx_word' id='word_1_265' title='bbox 1213 2650 1429 2695; x_wconf 82' lang='lat' dir='ltr'><strong>magistratus</strong></span> <span class='ocrx_word' id='word_1_266' title='bbox 1454 2660 1518 2693; x_wconf 87' lang='lat' dir='ltr'><strong>pro</strong></span> <span class='ocrx_word' id='word_1_267' title='bbox 1541 2649 1671 2682; x_wconf 83' lang='lat' dir='ltr'><strong>meritis</strong></span> 
     </span>
     <span class='ocr_line' id='line_1_41' title="bbox 245 2693 1670 2744; baseline -0.005 -11"><span class='ocrx_word' id='word_1_268' title='bbox 245 2699 396 2744; x_wconf 84' lang='lat' dir='ltr'><strong>eligens,</strong></span> <span class='ocrx_word' id='word_1_269' title='bbox 419 2699 530 2743; x_wconf 85' lang='lat' dir='ltr'><strong>dignis</strong></span> <span class='ocrx_word' id='word_1_270' title='bbox 552 2699 740 2734; x_wconf 87' lang='lat' dir='ltr'><strong>hominibus</strong></span> <span class='ocrx_word' id='word_1_271' title='bbox 761 2699 944 2744; x_wconf 85' lang='lat' dir='ltr'><strong>dignitates</strong></span> <span class='ocrx_word' id='word_1_272' title='bbox 967 2696 1134 2741; x_wconf 84' lang='lat' dir='ltr'><strong>largiens,</strong></span> <span class='ocrx_word' id='word_1_273' title='bbox 1158 2701 1279 2730; x_wconf 88' lang='lat' dir='ltr'><strong>cuncta</strong></span> <span class='ocrx_word' id='word_1_274' title='bbox 1301 2694 1448 2738; x_wconf 88' lang='lat' dir='ltr'><strong>denique</strong></span> <span class='ocrx_word' id='word_1_275' title='bbox 1468 2693 1504 2726; x_wconf 88' lang='lat' dir='ltr'><strong>in</strong></span> <span class='ocrx_word' id='word_1_276' title='bbox 1526 2693 1670 2738; x_wconf 89' lang='lat' dir='ltr'><strong>imperio</strong></span> 
     </span>
     <span class='ocr_line' id='line_1_42' title="bbox 245 2738 1670 2789; baseline -0.006 -11"><span class='ocrx_word' id='word_1_277' title='bbox 245 2744 418 2789; x_wconf 86' lang='lat' dir='ltr'><strong>sapienter</strong></span> <span class='ocrx_word' id='word_1_278' title='bbox 439 2755 574 2788; x_wconf 82' lang='lat' dir='ltr'><strong>gerens.</strong></span> <span class='ocrx_word' id='word_1_279' title='bbox 621 2756 732 2788; x_wconf 85' lang='lat' dir='ltr'><strong>neque</strong></span> <span class='ocrx_word' id='word_1_280' title='bbox 756 2744 791 2778; x_wconf 92' lang='lat' dir='ltr'><strong>in</strong></span> <span class='ocrx_word' id='word_1_281' title='bbox 812 2748 963 2778; x_wconf 82' lang='lat' dir='ltr'><strong>senatum</strong></span> <span class='ocrx_word' id='word_1_282' title='bbox 986 2741 1175 2787; x_wconf 87' lang='lat' dir='ltr'><strong>quempiam</strong></span> <span class='ocrx_word' id='word_1_283' title='bbox 1195 2751 1343 2784; x_wconf 89' lang='lat' dir='ltr'><strong>unquam</strong></span> <span class='ocrx_word' id='word_1_284' title='bbox 1362 2739 1448 2783; x_wconf 85' lang='lat' dir='ltr'><strong>legit</strong></span> <span class='ocrx_word' id='word_1_285' title='bbox 1471 2739 1537 2772; x_wconf 82' lang='lat' dir='ltr'><strong>nisi</strong></span> <span class='ocrx_word' id='word_1_286' title='bbox 1559 2738 1670 2773; x_wconf 85' lang='lat' dir='ltr'><strong>doctis</strong></span> 
     </span>
     <span class='ocr_line' id='line_1_43' title="bbox 245 2784 1670 2835; baseline -0.004 -12"><span class='ocrx_word' id='word_1_287' title='bbox 245 2790 406 2825; x_wconf 83' lang='lat' dir='ltr'><strong>imbutum</strong></span> <span class='ocrx_word' id='word_1_288' title='bbox 426 2789 633 2835; x_wconf 82' lang='lat' dir='ltr'><strong>disciplinis,</strong></span> <span class='ocrx_word' id='word_1_289' title='bbox 657 2790 757 2835; x_wconf 78' lang='lat'>(435)</span> <span class='ocrx_word' id='word_1_290' title='bbox 782 2795 818 2825; x_wconf 87' lang='lat' dir='ltr'><strong>et</strong></span> <span class='ocrx_word' id='word_1_291' title='bbox 837 2789 898 2834; x_wconf 85' lang='lat' dir='ltr'><strong>qui</strong></span> <span class='ocrx_word' id='word_1_292' title='bbox 917 2792 1010 2823; x_wconf 87' lang='lat' dir='ltr'><strong>recte</strong></span> <span class='ocrx_word' id='word_1_293' title='bbox 1027 2787 1142 2822; x_wconf 76' lang='lat' dir='ltr'><strong>dicere</strong></span> <span class='ocrx_word' id='word_1_294' title='bbox 1157 2787 1311 2830; x_wconf 88' lang='lat' dir='ltr'><strong>beneque</strong></span> <span class='ocrx_word' id='word_1_295' title='bbox 1324 2784 1476 2819; x_wconf 85' lang='lat' dir='ltr'><strong>scribere</strong></span> <span class='ocrx_word' id='word_1_296' title='bbox 1491 2794 1552 2818; x_wconf 83' lang='lat' dir='ltr'><strong>seu</strong></span> <span class='ocrx_word' id='word_1_297' title='bbox 1567 2795 1670 2829; x_wconf 85' lang='lat' dir='ltr'><strong>prosa</strong></span> 
     </span>
    </p>
   </div>
  </div>
 </body>
</html>
