1786 3080
276 172 343 222 46
822 177 1171 222 EPHRAEMIUS

410 290 453 332 ἐκ
473 293 545 344 τῆς
565 288 664 346 πρὸς
683 287 828 346 δίρκτον
850 288 1035 347 ἁλμυρᾶς
1058 291 1112 340 εἲς
1134 290 1330 348 θατέραν,

409 358 535 414 πυρὸς
555 355 819 410 διαζώσαντος
839 360 880 401 ἓν
899 359 1008 416 μέσῳ
1030 356 1144 399 πόλιν

295 427 374 468 915
409 427 476 468 καὶ
495 430 790 480 πυρπολοῦντος
812 429 932 479 τῆσδε
955 425 1145 482 λαμπρὰς
1164 425 1304 477 οἰκίας,

374 534 377 539 «
408 488 537 536 τᾶλλά
555 511 598 536 τε
617 492 747 536 πάντα
766 495 833 536 καὶ
851 495 1094 549 σεβασμίους
1118 490 1281 547 δόμους,

411 562 474 603 ἐπὶ
497 562 710 618 τετρακτὺν
731 560 888 618 ἡμερῶν
909 560 1141 611 ἂνενδότως.

407 633 459 685 τῇ
482 630 523 672 δ’
543 627 743 683 Ἀντιόχου
766 631 830 671 καὶ
852 630 1031 687 σφοδρὸς
1046 633 1119 684 γῆς
1137 645 1198 678 τις
1216 625 1352 677 κλόνος

412 697 572 751 συμβὰς
591 697 879 753 κατηρείπωσεν
901 697 1025 751 αὐτὴν
1047 694 1236 750 ἐσχάτως.

297 765 378 807 920
409 763 519 819 ὕσθη
542 764 690 814 σποδὸς
713 765 757 806 δὲ
778 764 890 818 μάλα
910 764 1038 818 πολλὴ
1064 769 1113 820 τῇ
1136 762 1248 805 πόλει

414 834 469 883 εἷς
491 830 683 886 ἐμψύχων
703 830 898 883 κάκωσιν,
934 835 989 882 εἷς
1010 835 1174 888 καρπῶν
1193 832 1349 887 φθίσιν.

414 901 457 943 ἐκ
477 900 590 942 τοῦδ’
615 898 635 941 ὅ
656 904 811 956 κρατῶν
833 901 1043 953 συσχεθεὶς
1064 899 1226 958 ἀγωνίᾳ,

367 982 380 991 ·
413 966 528 1010 πόλιν
549 965 759 1019 λελοιπώς,
794 968 835 1009 ἓν
853 968 1069 1021 βασιλείοις
1087 965 1227 1020 δόμοις

414 1030 502 1078 οὖσι
520 1035 597 1091 πρὸ
615 1040 753 1089 τειχῶν
776 1035 971 1092 ἀσφαλῶς
987 1029 1036 1089 ἦν
1055 1033 1216 1089 διάγων.

298 1102 378 1145 925
412 1103 482 1159 ἐφ’
510 1097 630 1158 οἷπερ
652 1103 777 1157 ἐσθὴς
797 1101 1103 1159 μητρανάνδρου
1123 1101 1329 1158 παρθένου

410 1172 452 1213 ἔκ
473 1175 544 1224 τῆς
564 1168 670 1212 Σιών
690 1187 732 1212 τε
754 1172 819 1212 καὶ
835 1171 1109 1223 Παλαιστίνης
1123 1167 1247 1212 τόπου

404 1238 507 1295 πρὸς
523 1237 595 1292 τὴν
612 1236 904 1290 βασιλεύουσαν
928 1238 1103 1291 ἀχθεῖσα
1120 1234 1235 1279 πόλιν

407 1309 492 1363 ναῷ
514 1304 806 1361 τεθησαύριστο
828 1310 886 1361 τῷ
906 1305 1009 1361 πρὸς
1029 1304 1290 1360 Βλαχέρναις,

407 1373 452 1415 ὃν
476 1372 595 1421 αὐτὸς
616 1371 795 1428 ἀνήγειρε
816 1372 1152 1428 μητροπαρθένῳ,

294 1442 376 1482 930
409 1442 450 1483 ἓν
470 1441 626 1498 ἀργυρᾷ
647 1444 755 1497 σορῷ
773 1441 840 1481 καὶ
859 1439 1074 1497 σεβασμίᾳ,

409 1507 466 1550 δι’
488 1507 539 1561 ἣν
559 1505 841 1560 κατωνόμαστο
864 1509 930 1548 καὶ
950 1510 1062 1554 θεῖος
1079 1503 1203 1558 δόμος

409 1574 529 1632 σορὸς
551 1575 662 1628 τιμία
679 1578 752 1628 τῆς
772 1571 1034 1628 πανυμνήτου,
1047 1570 1182 1628 κόρης.

499 1636 627 1691 Οὗτος
648 1646 882 1698 κραταρχῶν
902 1642 967 1683 καὶ
990 1638 1211 1695 στρατηγὸν
1227 1636 1416 1693 γεννάδαν

407 1707 666 1760 Ῥουστίκιον,
699 1708 863 1764 ἄριστον
883 1709 924 1750 ἓν
943 1708 1210 1763 στρατηγίαις,

298 1779 378 1821 935
412 1775 680 1832 προβάλλεται
702 1777 752 1831 δὴ
772 1779 838 1818 καὶ
857 1779 1059 1832 κατορθοῖ
1071 1775 1144 1823 τὰς
1161 1774 1286 1823 νίκας.

411 1843 554 1886 τούτου
577 1842 774 1893 θανόντος
793 1841 982 1899 σύγγονον
998 1843 1209 1896 βασιλίδος

411 1912 654 1954 Βασιλίσκον
673 1909 906 1968 προύκρινεν
927 1912 982 1960 εἲς
1004 1910 1257 1966 στρατηγίαν,

415 1978 460 2029 ὃς
479 1979 749 2029 ἐκπεπλευκὼς
765 1980 819 2029 εἰς
834 1977 1026 2036 Ἀφρικὴν
1043 1977 1117 2019 σὺν
1133 1974 1264 2033 στόλῳ

495 2108 564 2142 930
585 2104 730 2154 ἀργυρῷ
755 2107 799 2141 V.
846 2118 924 2141 mox
946 2106 1137 2142 addendum
1158 2106 1309 2140 fortasse
1330 2114 1371 2138 τε

279 2220 401 2262 ficum,
431 2229 453 2252 a
473 2218 608 2253 boreali
630 2217 714 2252 mari
737 2228 845 2262 usque
868 2218 911 2251 ad
935 2218 1078 2252 alterum
1098 2215 1242 2250 flammis
1264 2216 1384 2249 urbem
1405 2213 1550 2248 mediam
1571 2214 1722 2261 comple-

279 2265 452 2300 ctentibus
475 2264 577 2307 (915)
598 2263 865 2308 splendidasque
888 2263 988 2296 huius
1009 2263 1125 2295 domos
1147 2260 1406 2306 populantibus:
1429 2264 1533 2304 atque
1552 2259 1645 2294 inter
1661 2272 1722 2295 oe-

276 2315 353 2345 tera
390 2321 507 2344 sacras
543 2309 646 2343 etiam
676 2309 778 2342 aedes
811 2308 1058 2352 quatriduanus
1093 2307 1184 2350 ignis
1216 2305 1401 2338 inclemens
1425 2305 1550 2338 hausit.
1596 2305 1721 2340 Antio-

278 2355 388 2389 chiam
422 2366 506 2389 vero
540 2360 655 2388 terrae
688 2359 797 2387 motus
830 2353 965 2397 quidam
996 2353 1180 2385 vehemens
1203 2361 1362 2396 supremo
1385 2350 1576 2395 prostravit
1598 2350 1721 2385 exitio.

278 2400 379 2443 (920)
413 2400 606 2445 multusque
636 2398 725 2444 pluit
755 2398 851 2441 regia
881 2398 918 2431 in
950 2399 1035 2431 urbe
1069 2397 1206 2442 pulvis,
1243 2395 1403 2429 molestus
1435 2395 1663 2430 animantibus
1685 2400 1723 2430 et

278 2444 403 2478 noxius
424 2446 595 2490 frugibus.
643 2445 696 2478 his
719 2443 814 2477 malis
838 2443 993 2487 graviter
1015 2442 1136 2476 anxius
1157 2441 1365 2486 imperator,
1395 2442 1482 2475 urbe
1503 2441 1644 2485 relicta,
1675 2440 1722 2475 ad

277 2490 505 2524 suburbanum
526 2490 705 2535 palatium,
729 2489 830 2522 saluti
845 2500 927 2522 suae
943 2487 1142 2531 consulens,
1166 2487 1282 2520 sedem
1298 2486 1486 2520 transtulit.
1533 2486 1638 2530 (925)
1656 2486 1721 2529 sub

279 2545 321 2567 eo
344 2535 453 2568 vestis
477 2536 640 2580 deiparae
664 2534 809 2579 virginis
835 2545 878 2566 ex
901 2535 986 2567 urbe
1008 2533 1115 2566 Sione
1138 2544 1179 2565 ac
1204 2531 1398 2566 Palaestina
1417 2537 1512 2567 terra
1530 2531 1573 2564 ad
1591 2530 1722 2575 regiam

280 2578 394 2612 delata
416 2581 626 2624 metropolim
651 2581 741 2625 apud
765 2579 972 2613 Blachernas
990 2578 1027 2611 in
1042 2577 1167 2621 templo
1186 2577 1253 2612 suit
1267 2577 1432 2622 reposita,
1459 2577 1552 2621 quod
1566 2576 1643 2620 ipse
1658 2587 1722 2610 rex

282 2623 444 2668 deiparae
469 2625 691 2669 excitaverat,
717 2625 820 2668 (930)
837 2629 1000 2667 argenteo
1024 2623 1244 2667 pretiosoque
1267 2622 1381 2656 clausa
1403 2622 1439 2655 in
1459 2621 1593 2662 locu103
1614 2631 1723 2666 quare

283 2673 319 2702 et
341 2669 377 2702 id
398 2670 558 2713 templum
580 2671 696 2715 coepit
716 2668 881 2715 appellari
904 2680 983 2702 area
1007 2668 1218 2701 honorabilis
1240 2667 1386 2712 virginis
1407 2667 1674 2701 laudatissimae.

373 2714 492 2748 Leone
525 2716 719 2750 dominante
750 2715 819 2748 dux
854 2714 1032 2758 egregius,
1072 2719 1147 2746 arte
1178 2713 1366 2757 strategica
1396 2712 1562 2757 optimus,
1601 2709 1724 2745 Rusti-

285 2758 379 2802 cius,
406 2758 508 2801 (935)
530 2761 619 2794 bello
642 2759 859 2806 praepositus
882 2758 1038 2792 victoriis
1059 2758 1193 2792 claruit.
1239 2763 1276 2792 at
1298 2759 1363 2791 hoc
1386 2757 1554 2791 exstincto
1572 2757 1724 2801 impera·

285 2802 384 2839 tricis
412 2804 515 2839 fratri
544 2816 712 2840 armorum
743 2804 922 2850 imperium
953 2802 1120 2839 Basilisco
1141 2803 1311 2847 traditur,
1345 2802 1405 2848 qui
1427 2806 1664 2847 transportato
1686 2800 1724 2834 in

1779 2309 1786 2364 i

1773 2365 1786 2589 Ξ

1775 2594 1786 2857 3
