1786 3080
227 129 323 178 144
773 124 1126 182 EPHRAEMIUS

361 242 528 304 Θρᾴκης
545 243 653 303 ἐπῄει
673 248 934 298 Μακεδονίας
955 246 1074 305 ὅρους

362 316 485 370 δῃοῦν
505 318 723 370 λεηλατοῦν
747 333 789 359 τε
808 318 875 358 καὶ
901 316 1193 374 καταστρέφω,

363 382 387 424 ὃ
403 385 469 424 καὶ
487 387 668 440 προῆλθε
687 384 827 441 με’χρις
845 384 970 439 αὐτῆς
985 383 1191 436 Ἑλλάδος.

226 454 337 495 3325
357 451 480 506 πέρας
500 450 607 493 ἅπαν
625 451 808 510 ἔφθαρτο
830 457 978 508 μικροῦ
998 453 1263 511 Βουλγιίροις,

360 523 462 561 θεοῦ
478 518 770 576 συναρήγοντος
788 520 924 571 αὐτοῖς
940 519 1115 575 ὑψόθεν.

361 587 459 637 τέως
479 588 522 628 δ’
545 587 646 639 ἄναξ
668 588 787 639 ἔξεισι
811 588 914 631 κατὰ
936 587 1160 646 βαρβάρων

361 662 450 705 ταῖς
469 656 580 712 παρὰ
599 653 757 699 πάντων
775 657 977 711 μέμψεσιν
999 656 1246 714 ὡρμημένος,

362 722 470 779 ἄγων
491 724 592 777 μεθ’
624 722 750 767 αὑτοῦ
771 723 1020 782 στρατιώτας
1042 726 1143 783 πρὸς
1158 725 1298 780 μάχην

228 794 340 836 3330
363 792 464 847 πρὸς
489 798 571 842 τοῖς
593 790 733 836 ἑκατὸν
757 791 1050 848 πεντηκοντάὸα
1070 795 1191 848 μίαν·

364 859 408 910 ὃς
430 860 503 910 τὰς
522 860 703 916 φορητὰς
721 862 847 911 οῗκίας
864 860 1078 917 καθιδρύει

363 929 405 970 ἓν
438 935 521 978 τοῖς
552 929 628 985 πρὸ
652 934 790 984 τειχῶν
805 931 968 985 χωρίοις
989 929 1247 982 Βυζαντίδος,

364 990 414 1038 οὗ
433 995 654 1051 βαρβάρων
675 997 849 1054 ὄλεθρος
863 996 1056 1053 ἠνώτιστό
1084 996 1134 1040 οἳ.

442 1065 528 1122 Ἔφ)
550 1059 598 1107 οὗ
618 1064 758 1116 κλόνος
778 1071 851 1122 γῆς
866 1066 1012 1121 συνέβη
1032 1065 1260 1123 φρικαλὲος,

225 1132 337 1174 3335
361 1132 410 1174 δι’
433 1127 480 1176 οὗ
498 1135 789 1190 κατηρείπωντο
810 1136 898 1176 ναοὶ
918 1136 984 1176 καὶ
1003 1133 1120 1188 δόμοι
1133 1147 1145 1158 ·

358 1198 586 1255 Ἑλληνικός
604 1219 646 1244 τε
662 1202 802 1256 βωμὸς
824 1203 864 1244 ἒν
884 1206 935 1259 τῇ
951 1204 1126 1260 Κυζίκῳ,

365 1267 575 1312 κάλλιστον
596 1270 709 1326 ἔργον
729 1272 796 1312 καὶ
817 1269 954 1324 θέαμά
972 1288 1009 1313 τι
1032 1271 1156 1321 ξένον,

363 1338 565 1380 πέπτωκεν
588 1340 643 1388 εἷς
661 1343 734 1393 γῆν
755 1339 1034 1387 κατασεισθεὶς
1055 1342 1113 1395 τῷ
1131 1334 1280 1393 κλόνῳ·

363 1406 507 1455 σεπτὸς
529 1407 573 1447 δὲ
593 1406 687 1456 ναὸς
709 1406 891 1461 πατέρων
911 1403 1119 1461 θεηγόρων

229 1470 341 1515 3340
363 1474 404 1516 ἐν
419 1475 570 1532 Νικαίᾳ
589 1474 766 1516 σέσειστο
783 1475 850 1515 καὶ
871 1471 1071 1530 ὁιερράγη.

450 1535 580 1591 Οὗτος
598 1539 740 1597 λόγους
757 1541 909 1596 ἔστεργε
927 1545 1010 1583 τῶν
1032 1540 1164 1582 ἄλλων
1183 1538 1314 1588 πλέον,

367 1607 478 1666 ἄκρῳ
499 1613 648 1667 λιχανῷ
667 1610 794 1652 τῶνδέ
810 1626 883 1664 περ
906 1608 1149 1664 γεγευμένος,

369 1678 435 1719 καὶ
454 1677 545 1726 τοὺς
564 1679 719 1733 λογίους
738 1673 787 1732 ἦν
810 1682 935 1731 τιμῶν
958 1694 998 1720 τε
1017 1678 1084 1718 καὶ
1105 1676 1248 1728 σέβων,

366 1745 443 1786 κάκ
465 1749 543 1786 τῶν
566 1744 693 1801 λόγων
712 1745 885 1802 ἔφασκεν
905 1745 980 1799 οὐχ
1002 1740 1121 1799 ἧττον
1147 1743 1281 1786 θέλειν

230 1810 341 1856 3345
361 1812 387 1868 ἢ
402 1814 608 1867 βασιλείας
630 1812 828 1870 γνώριμον
849 1811 1111 1856 καθεστάναι.

454 1876 583 1931 Οὗτος
602 1882 646 1923 τὸ
670 1886 787 1935 βιοῦν
807 1882 1005 1936 ἕκμετρῶν
1026 1882 1147 1922 λείπει
1166 1877 1313 1935 κράτος

367 1948 515 2000 τέκνοις
531 1947 676 1992 ἑαυτοῦ
682 1981 695 2001 ,
725 1948 880 2007 συζύγῳ
895 1951 1087 2003 βασιλίδι,

233 2064 308 2088 cum
332 2053 496 2090 immenso
519 2066 681 2097 numero,
713 2055 808 2099 (nam
830 2054 1014 2099 sexaginta
1037 2054 1130 2089 milia
1151 2052 1261 2087 fuisse
1284 2051 1376 2087 fama
1401 2052 1473 2094 est)
1496 2051 1683 2087 Thraciam

230 2099 450 2134 incursarunt
484 2112 526 2134 ac
562 2101 822 2144 Macedoniam,
865 2101 956 2135 omni
994 2099 1190 2134 exterminii
1227 2110 1355 2142 genere
1392 2097 1609 2141 saevientes,
1647 2102 1684 2132 et

231 2146 343 2191 ipsam
369 2147 551 2180 Graeciam
574 2157 683 2190 usque
706 2152 945 2190 penetrarunt.
992 2146 1117 2189 (3325)
1141 2145 1202 2179 sed
1223 2145 1355 2178 demum
1377 2149 1519 2178 cunctos
1541 2143 1683 2188 Bulgari

235 2191 457 2236 ceciderunt,
495 2191 633 2226 numine
665 2191 810 2225 caelitus
843 2191 931 2236 ipsis
962 2191 1164 2225 auxiliante.
1210 2189 1347 2223 interim
1370 2189 1503 2223 Caesar
1526 2195 1684 2224 moverat

234 2237 272 2270 in
294 2238 482 2281 barbaros,
512 2237 660 2271 omnium
679 2236 846 2270 conviciis
870 2237 970 2270 domo
997 2242 1199 2281 protrusus,
1223 2246 1338 2269 secum
1362 2234 1406 2268 ad
1430 2233 1554 2268 bellum
1572 2234 1683 2268 confi-

234 2283 392 2317 ciendum
428 2284 557 2317 ducens
593 2283 717 2326 (3330)
751 2281 842 2316 haud
881 2281 1024 2326 amplius
1063 2286 1197 2315 centum
1233 2279 1484 2325 quinquaginta
1514 2280 1683 2315 homines.

236 2339 320 2372 ergo
342 2328 501 2363 tentoriis
524 2329 712 2373 imperator
733 2327 814 2362 fixis
835 2326 873 2361 in
894 2327 1101 2362 suburbanis
1122 2326 1288 2370 Byzantii
1309 2326 1417 2371 locis,
1439 2325 1490 2360 ibi
1511 2325 1684 2361 intellexit

235 2375 460 2408 barbarorum
484 2374 635 2408 caedem.

323 2420 387 2453 Illo
419 2426 588 2464 regnante
614 2424 731 2453 terrae
761 2422 872 2452 motus
903 2416 1064 2451 horridus
1096 2416 1223 2460 (3335)
1253 2415 1359 2450 multa
1382 2414 1526 2450 delubra
1547 2414 1684 2460 promit

235 2468 340 2508 atque
371 2465 509 2507 domos;
541 2476 672 2510 araque
704 2465 842 2497 Graeca
865 2462 1062 2506 Cyzicenae
1085 2462 1201 2505 urbis,
1234 2472 1320 2506 opus
1350 2461 1613 2506 pulcherrimum
1646 2465 1683 2496 et

234 2509 313 2543 visu
336 2511 475 2554 mirum,
501 2510 593 2545 humi
617 2509 752 2545 deiecta
774 2509 930 2543 incubuit
955 2514 1072 2542 terrae
1093 2508 1247 2542 tremitu.
1287 2507 1447 2551 templum
1472 2506 1557 2551 quin
1577 2506 1682 2541 etiam

237 2555 431 2589 divinorum
456 2562 590 2602 patrum
614 2555 740 2599 (3340)
762 2554 917 2588 Nicaena
940 2554 976 2587 in
1000 2555 1085 2588 urbe
1109 2564 1313 2588 concussum
1335 2552 1498 2587 dissiluit.

329 2601 441 2635 Ducas
473 2613 559 2646 prae
590 2600 714 2636 ceteris
746 2599 863 2633 literas
890 2599 1099 2634 Caesaribus
1130 2599 1268 2643 dilexit,
1307 2598 1446 2633 summis
1467 2608 1553 2642 quas
1575 2594 1686 2631 labris

238 2644 425 2689 attigerat,
464 2653 568 2691 atque
588 2646 742 2680 eruditos
764 2645 916 2678 homines
938 2645 975 2678 in
998 2644 1110 2689 pretio
1135 2644 1276 2688 habuit,
1306 2654 1414 2689 seque
1435 2643 1574 2678 dicebat
1595 2653 1617 2677 a
1637 2641 1682 2676 li-

238 2691 324 2725 teris
346 2691 447 2725 malle
467 2691 594 2736 (3345)
619 2703 719 2736 quam
742 2691 785 2724 ab
808 2690 954 2734 imperio
979 2690 1056 2724 fieri
1079 2690 1278 2733 gloriosum.

327 2736 363 2770 Is
395 2737 469 2770 fato
506 2744 651 2782 urgente
683 2736 826 2771 tradidit
849 2735 1030 2780 imperIum
1056 2735 1175 2769 liberis
1198 2736 1270 2770 suis
1296 2734 1507 2780 reginaeque
1529 2731 1682 2776 coniugi,

238 2782 383 2817 iuratam
415 2782 511 2828 prius
540 2784 643 2818 fidem
674 2783 718 2818 ab
751 2782 817 2817 hac
846 2781 989 2826 exigens
1019 2782 1188 2816 secundas
1212 2781 1352 2826 nuptias
1374 2779 1467 2816 haud
1489 2790 1528 2814 aa
1549 2778 1682 2824 petitu-
