1786 3080
197 168 295 212 220
746 170 1095 215 EEHRAEMIUS
1127 210 1133 214 .

194 282 305 324 5310
399 275 480 322 ⁵‘Hv
499 282 566 323 καὶ
586 281 784 336 κολαστὴς
799 283 1042 339 χειροδίκαις
1059 282 1244 341 ἀνδράσι,

329 347 469 403 ποινήν
488 366 530 391 τε
547 351 674 400 τιθεὶς
690 350 873 393 ἀδικοῦσι
888 352 954 392 καὶ
973 353 1098 406 δίκην,

331 416 408 459 κᾶν
426 412 475 472 ἦν
493 418 644 461 ἀδικῶν
661 418 827 474 εὖγενιῢν
845 423 1040 472 λαμπρῶν
1058 421 1171 474 γένει,

331 483 388 535 ὡς
404 485 462 539 μὴ
483 487 572 527 κατ’
598 486 695 541 ὄψιν
713 487 816 529 ἀλλὰ
837 488 1002 538 δικαίως
1019 489 1176 543 κρίνων,

330 555 396 595 καὶ
415 554 519 596 κατὰ
535 553 702 611 μικρόν,
731 549 760 611 ᾗ
776 556 898 612 φασί,
926 557 993 597 καὶ
1011 555 1081 598 τὸν
1095 556 1232 612 μέγαν.

195 622 305 664 5315
408 623 492 664 Καὶ
513 627 592 665 τῶν
610 616 910 679 τεσσαράκοντα
929 626 1114 679 Χριστοῦ
1133 621 1351 683 μαρτύρων

329 689 426 732 ναὸν
442 689 690 747 περιώνυμον
707 692 982 747 ἠγλαϊσμένον,

322 755 458 816 χρόνῳ
477 760 762 802 παλαιωθέντα
780 761 846 801 καὶ
863 757 1103 814 κεκμηκότα,

329 827 494 887 ἀιζανεοῖ
505 825 699 871 κάλλιστα
719 829 921 878 πλείσταις
938 827 1156 879 δαπάναις·

330 889 378 936 οὗ
397 896 464 936 καὶ
485 894 635 950 δόμους
651 895 782 953 ἤγειρε
797 895 899 952 πρὸς
914 898 1131 949 κατοικίαν,

193 961 304 1003 5320
329 964 479 1017 δεῆσαν
499 964 633 1006 ἐλθεῖν
650 963 751 1020 πρὸς
767 963 867 1006 νεῶν
881 968 962 1006 τῶν
979 964 1212 1021 μαρτύρων,

327 1035 553 1082 πολυτελεῖς
571 1049 613 1075 τε
630 1033 834 1082 ποικίλους
850 1033 966 1089 τέχνῃ
978 1065 989 1083 ,
1019 1033 1167 1084 ξένους.

327 1101 394 1141 καὶ
414 1101 590 1157 πατέρας
608 1101 652 1143 δὲ
669 1105 748 1143 τῶν
765 1099 894 1156 λόγων
911 1102 977 1142 καὶ
996 1100 1090 1151 τοὺς
1111 1101 1252 1158 λόγους

327 1162 444 1217 οὗτος
458 1168 649 1221 βασιλεὺς
667 1168 802 1219 ἀξίους
816 1170 945 1218 τιθεὶς
962 1167 1082 1223 λόγου

325 1240 435 1293 σφᾶς
455 1238 625 1293 δωρεαῖς
640 1235 784 1291 ἥὸυνεν
800 1234 947 1292 ἁβραῖς
963 1235 1018 1286 ὥς
1033 1236 1168 1290 θέμις.

193 1302 303 1344 5325
396 1303 473 1346 ’Ὼν
496 1305 539 1346 δ’
564 1305 736 1358 ἀτεχνῶς
755 1302 948 1361 μάγειρος
967 1303 1195 1360 ἀνθρώπων
1215 1304 1297 1355 ὅδε,

326 1375 481 1426 μᾶλλον
497 1373 541 1414 δὲ
556 1372 694 1415 Σατᾶν
711 1372 835 1423 ἄλλος
852 1371 1199 1428 ἀνθρωποκτόνος,

327 1434 356 1497 ᾗ
376 1442 474 1496 φησὶ
494 1441 654 1494 Δαβίὸ,
688 1439 889 1495 ὥδινήσας
904 1441 954 1494 δὴ
971 1438 1092 1482 πόνον

325 1510 580 1564 παρανομίας
599 1508 800 1551 ἀποτίκτει
821 1514 899 1566 φεῦ
919 1507 1060 1566 μόρον.

325 1575 472 1632 ὥριστο
490 1577 644 1628 τοίνυν,
674 1576 707 1618 ὢ
724 1575 1020 1631 μισανθρώπου
1038 1573 1204 1631 τρόπου,

191 1644 301 1686 5330
323 1644 636 1699 καθειργμένους
656 1642 889 1698 ξύμπαντας
908 1644 982 1686 εἴτε
1003 1641 1189 1700 φυγάδας

323 1710 453 1769 ἄρδην
470 1716 595 1770 βυθῷ
613 1730 655 1755 τε
673 1714 739 1754 καὶ
759 1714 864 1770 ’ξίφει
882 1713 950 1754 καὶ
965 1710 1137 1767 θανάτῳ

322 1781 630 1836 παραδοθέντας
645 1780 714 1823 τὸν
727 1782 820 1834 βίον
835 1780 1137 1837 καταστρέφειν,

324 1846 473 1898 αὐτούς
491 1866 533 1891 τε
547 1847 700 1899 πάντας
719 1850 785 1890 καὶ
805 1846 1082 1905 προσήκοντας
1097 1847 1217 1902 γένει·

324 1917 367 1958 τί
385 1914 487 1974 γάρ,
521 1922 701 1975 κεφαλῆς
723 1920 758 1959 εἴ
776 1922 874 1971 μιᾶς
892 1916 1136 1972 τετμημένης

405 2034 495 2070 5321
520 2034 581 2079 τε]
606 2045 645 2069 τε
667 2033 729 2069 καὶ
752 2035 785 2067 V

278 2134 400 2178 (5310)
431 2135 580 2179 Insuper
602 2134 819 2169 Andronicus
845 2134 993 2171 iniustos
1015 2134 1170 2168 homines
1192 2143 1304 2179 poena
1325 2131 1513 2166 adficiebat
1543 2130 1643 2165 debi-

188 2185 293 2224 taque
316 2181 466 2226 ultione,
498 2180 717 2225 quantumvis
750 2192 831 2214 reus
861 2181 988 2215 nobilis
1022 2180 1204 2224 clarusque
1236 2180 1349 2212 foret:
1382 2177 1518 2212 scilicet.
1550 2176 1643 2210 haud

189 2238 252 2271 pro
277 2238 427 2271 persona
450 2227 511 2261 sed
541 2225 634 2260 iuste
654 2225 835 2271 iudicans,
870 2232 908 2260 et
937 2232 1075 2260 tenuem
1109 2231 1214 2271 atque
1235 2234 1393 2268 maguum
1417 2222 1562 2268 perinde
1582 2233 1643 2256 ae-

187 2273 345 2306 stimans.

281 2317 404 2360 (5315)
434 2317 470 2350 Is
503 2315 606 2350 etiam
637 2316 770 2350 Christi
797 2316 1030 2361 quadraginta
1053 2320 1240 2359 martyrum
1263 2313 1433 2347 celebrem
1457 2312 1560 2346 valdo
1581 2322 1642 2345 ae-

189 2362 266 2396 dem
299 2368 336 2396 et
367 2362 641 2405 ornatissimam,
682 2368 764 2395 tunc
801 2363 1014 2396 laborantem
1050 2361 1217 2406 temporis
1253 2359 1398 2402 iniuria,
1434 2357 1645 2398 instaurayit

188 2407 319 2452 optime
343 2409 500 2453 impensa
523 2407 688 2453 plurima3
721 2407 841 2452 ibique
862 2408 967 2442 aedes
989 2407 1034 2441 ad
1057 2406 1276 2440 habitandum
1297 2404 1443 2446 struxit,
1466 2403 1588 2446 (5320)
1611 2402 1643 2436 si

187 2454 326 2497 quando
351 2455 393 2487 ad
417 2454 544 2487 dictum
566 2452 726 2497 templum
747 2454 825 2498 ipse
846 2455 1047 2494 accederet,
1082 2452 1181 2485 vario
1205 2451 1354 2485 artificio
1376 2455 1645 2493 sumptuosoque

187 2498 305 2532 miras.
353 2499 496 2544 insuper
517 2499 636 2533 literas
661 2510 735 2533 cum
761 2498 833 2532 suis
857 2498 1114 2543 professoribus
1134 2497 1191 2531 hic
1215 2497 1402 2542 imperator
1423 2494 1560 2540 plurimi
1581 2505 1658 2528 ae·-

189 2543 363 2587 stimavit,
387 2545 564 2589 largisque
584 2544 675 2578 fovit.
697 2544 798 2578 donis
811 2569 820 2587 ,
840 2550 946 2588 prout
966 2545 1019 2578 fas
1040 2548 1128 2577 erat.

282 2589 403 2629 (5325)
428 2591 499 2623 lam
524 2601 597 2624 cum
622 2590 679 2624 hic
701 2594 794 2623 esset
815 2601 957 2633 prorsus
980 2589 1092 2623 lanius
1114 2587 1308 2630 hominum,
1341 2585 1442 2638 imino
1466 2595 1552 2638 vel-p
1574 2583 1642 2617 Sa-

189 2640 250 2668 tan
271 2633 359 2668 alter
382 2635 573 2678 homicida,
596 2635 655 2670 ubi
676 2635 855 2678 concepit,
880 2642 918 2669 ut
940 2635 992 2669 ait
1012 2633 1147 2677 David,
1169 2632 1341 2675 dolorem,
1362 2630 1556 2675 iniquitatis
1579 2641 1658 2674 per

188 2678 282 2724 perit
315 2680 404 2713 eheu
433 2688 588 2715 mortem.
634 2682 810 2716 decretum
838 2681 901 2724 fit,
924 2680 1014 2724 proh
1035 2679 1252 2714 inhumanum
1272 2677 1426 2711 facinus!
1458 2675 1582 2718 (5330)
1605 2678 1644 2707 ut

189 2724 303 2759 cuncti
326 2724 450 2759 inclusi
473 2737 614 2760 carcere
637 2726 694 2760 vel
719 2726 855 2760 exsules
879 2726 964 2760 mari
989 2726 1045 2759 vel
1066 2724 1181 2769 gladio
1202 2723 1260 2757 vel
1282 2723 1352 2756 alio
1367 2721 1490 2774 mortis
1502 2731 1643 2764 genere,

189 2770 324 2804 nemine
345 2777 512 2816 excepto,
546 2772 640 2807 vitae
662 2773 764 2806 finem
787 2778 950 2814 cernant,
985 2771 995 2803 i
1022 2771 1052 2805 si
1082 2775 1119 2804 et
1141 2768 1316 2803 coniuncti
1340 2778 1456 2801 omne-s
1480 2776 1556 2799 iure
1578 2776 1642 2808 ge—

190 2815 296 2850 neris.
341 2810 426 2850 “cur
446 2813 560 2852 enin?
582 2817 633 2853 ait
661 2813 754 2852 “uno
777 2822 912 2853 resecto
936 2822 1053 2863 capite
1075 2815 1201 2860 (5335)
1223 2813 1291 2849 alia
1310 2816 1522 2857 consurgent
1542 2809 1650 2856 plura(
