1786 3080
244 135 308 183 42
787 140 1139 186 EPHRAEMIUS

376 255 433 307 τῷ
455 249 497 292 δ’
522 250 761 310 αι’χμαλώτῳ
779 255 1070 309 χρηματίσαντι
1088 251 1227 306 πάλαι,

376 319 525 375 θέρους
541 317 726 364 ὖπνοῦντι
745 322 845 378 πρὸς
863 320 993 378 φλόγα
1011 321 1084 376 τὴν
1100 319 1214 376 ἡλίου

378 387 452 429 σὺν
473 386 740 441 αἰχμαλώτοις
758 390 932 432 πλείοσιν
953 390 1092 446 ἕρκους
1110 389 1246 443 μέσον,

221 454 228 459 ’
262 455 343 496 810
378 454 645 506 ἓπικαταπτὰς
665 456 777 507 ἀετὸς
794 458 911 500 σκιὰν
928 456 1044 513 ἕδρα·

378 521 401 564 ὃ
420 523 535 577 γνοὺς
555 522 756 579 ἐθνάρχης
775 524 885 567 τόνδ’
908 523 929 567 ὃ
951 524 1126 579 κατέχων
1145 524 1283 573 πέδαις

377 589 530 646 ἀφῆκεν
551 591 671 634 αὐτὸν
690 591 789 648 πρὸς
809 593 972 648 πατρίδ’
996 592 1164 634 ἀπιέναι.

374 658 486 700 τοῦτ’
510 658 607 700 αὐτὸ
629 657 748 701 πάλιν
768 662 835 702 καὶ
854 658 952 709 δυάς
974 676 1033 709 τις
1053 658 1253 715 συγγόνων

377 727 528 767 κατεῖδε
549 732 691 782 σαφῶς
712 728 752 768 ἓν
771 728 920 781 θέματι
938 729 1113 777 Λυκίας,

263 795 343 835 815
379 792 406 844 ἢ
427 795 493 834 καὶ
512 800 672 850 προεῖπε
691 796 790 851 τῷδε
811 795 883 848 τὴν
903 795 1160 851 κραταρχίαν.

378 858 482 902 οὕτω
500 861 784 918 προαφώριστο
804 864 905 920 τῷδε
923 862 968 903 τὸ
987 861 1145 918 κράτος.

368 983 380 991 .
457 930 687 985 Πουλχεριά
707 930 751 971 δὲ
771 931 1036 986 φροντίζουσα
1056 925 1298 985 πραγμάτων

375 995 442 1035 καὶ
463 997 784 1052 συνδιαφέρουσα
801 997 873 1051 τὴν
892 997 1150 1053 κραταρχίαν,

378 1061 447 1104 τὸν
467 1064 507 1105 ἓν
525 1065 772 1120 Βλαχέρναις
794 1063 1071 1120 ἀπαράμιλλον
1092 1065 1200 1114 ’ξένον
1223 1076 1226 1078 ’

263 1132 345 1173 820
377 1129 474 1171 νεὼν
493 1130 635 1190 cimon?
653 1133 973 1188 μητροπαρθένῳ
990 1131 1105 1188 κόρῃ.

377 1199 648 1254 πρεσβυτέρας
666 1197 822 1253 Ῥώμης
844 1200 888 1241 δὲ
910 1199 1094 1249 Λέοντος
1113 1196 1227 1240 πάπα

377 1266 443 1306 καὶ
464 1264 730 1320 ποιμενάρχου
753 1267 793 1307 δ’
811 1267 1038 1309 Ἀνατολίου
1061 1266 1152 1315 νέας

376 1332 427 1373 τὰ
449 1333 549 1387 πρὸς
569 1332 798 1389 Διοσκόρου
820 1351 861 1375 τε
883 1338 956 1374 τοῦ
979 1334 1018 1374 τ’
1043 1333 1243 1386 Εὖτυχέος

376 1400 610 1455 πραχθέντα
630 1402 766 1450 δεινῶς
788 1399 1019 1453 Φλαβιανὸν
1039 1402 1092 1448 εἷς
1109 1400 1234 1454 μέγαν

265 1469 345 1510 825
378 1467 436 1520 μὴ
460 1470 738 1523 παραδραμεῖν
758 1467 900 1509 ἄνακτ’
925 1467 1223 1520 ἐξαιτουμένων,

378 1533 457 1588 ἤδη
477 1535 663 1589 γενέσθαι
683 1533 851 1583 σύνοδος
866 1532 1027 1575 τέτακτό
1045 1550 1086 1588 γε

331 1643 338 1648 ,
378 1603 625 1657 Μαρκιανοῦ
646 1601 814 1656 δόγματι
834 1602 899 1642 καὶ
917 1601 1183 1656 Πουλχερίας,

314 1672 317 1676 ’
380 1673 460 1710 τῶν
482 1671 746 1725 φιλοχρίστων
766 1668 939 1720 εὐσεβῶν
954 1668 1164 1721 βασιλέων.

380 1740 585 1790 συνῆλθον
608 1737 751 1778 οὐκοῦν
771 1737 812 1777 ἐν
833 1733 1067 1789 Χαλκηδόνι
1085 1733 1198 1776 πόλει

268 1806 348 1846 830
383 1801 581 1852 ἑξακόσιοι
599 1804 764 1859 πατέρες
782 1801 972 1858 θεηγόροι

381 1870 483 1925 πρὸς
501 1868 713 1926 τριάκοντα
733 1870 997 1923 συναχθέντες
1016 1868 1177 1919 ἐνθέως,
1216 1901 1221 1903 -

385 1932 440 1979 ὧν
460 1932 556 1993 ἦρχε
574 1936 728 1992 Ῥώμης
747 1942 818 1990 τῆς
834 1936 1077 1991 παλαιτέρας
1094 1935 1220 1977 Λέων

383 2005 474 2055 νέας
494 2006 532 2047 τ’
554 2005 780 2055 Ἀνατόλιος
801 2005 938 2054 ἔνθεος
956 2002 1087 2058 θύτης

246 2144 320 2167 rem
353 2136 461 2168 creat.
508 2133 589 2168 huic
622 2133 701 2168 olim
731 2133 871 2178 captivo
902 2143 943 2167 ac
974 2131 1160 2167 dormienti
1192 2141 1267 2165 cum
1299 2128 1377 2164 aliis
1410 2129 1626 2173 concaptivis
1657 2129 1695 2164 in

247 2182 347 2223 septo
369 2179 500 2222 medio,
526 2179 678 2212 aestivas
700 2178 773 2212 sole
794 2178 963 2212 iaculante
986 2179 1160 2218 flammas,
1185 2174 1287 2219 (810)
1307 2172 1470 2208 advolans
1488 2174 1602 2218 aquila
1621 2186 1696 2209 um-

247 2225 346 2258 bram
369 2223 545 2268 praebuit3
568 2223 659 2268 quod
683 2234 758 2257 cum
779 2223 943 2257 rescisset
965 2222 1119 2257 dominus
1142 2221 1242 2254 huius
1264 2219 1415 2263 regulus,
1441 2221 1587 2254 eundem
1605 2219 1696 2254 libe-

246 2280 322 2303 rum
346 2269 482 2303 remisit
504 2269 541 2302 in
564 2268 723 2314 patriam.
768 2269 836 2302 duo
871 2279 1007 2312 quoque
1034 2267 1160 2300 fratres
1185 2265 1274 2299 idem
1297 2264 1489 2309 prodigium
1513 2265 1697 2310 perspicue

248 2313 412 2348 viderunt
444 2314 480 2347 in
510 2313 642 2357 Lyciae
674 2313 870 2358 provincia,
906 2313 1007 2358 (815)
1029 2312 1134 2357 hique
1156 2310 1333 2345 Marciano
1356 2310 1563 2355 praedixere
1583 2311 1696 2357 impe-

249 2357 349 2393 rium.
398 2359 450 2393 sic
471 2359 540 2393 iste
559 2359 695 2404 accepit
717 2358 829 2392 omina
850 2358 1040 2402 potentiae.

342 2404 526 2438 Pulcheria
541 2416 625 2438 vero
643 2404 809 2448 publicam
823 2415 893 2437 rem
909 2414 1045 2447 gerens,
1061 2406 1097 2437 et
1114 2413 1188 2436 cum
1199 2400 1378 2434 Marciano
1390 2400 1489 2444 regui
1502 2411 1602 2435 curas
1613 2411 1696 2446 par-

253 2446 354 2490 tiens,
380 2450 498 2483 mirum
520 2450 558 2483 in
578 2449 778 2483 Blachernis
803 2454 906 2493 atque
923 2447 1188 2493 incomparabile
1210 2447 1312 2490 (820)
1333 2446 1462 2489 virgini
1485 2446 1586 2480 matri
1607 2451 1717 2480 tem-v
1766 2438 1771 2442 ’

253 2492 345 2537 plum
361 2494 539 2528 excitavit.
564 2505 706 2539 cumque
721 2495 849 2528 Romae
861 2494 988 2527 veteris
1000 2504 1090 2538 papa
1103 2497 1195 2526 esset
1205 2492 1291 2535 Leo,
1312 2503 1423 2525 novae
1435 2497 1547 2525 autem
1560 2490 1699 2534 praesul

253 2537 444 2581 Ammius,
463 2541 553 2582 quod
562 2540 749 2574 Dioscorus
763 2544 940 2584 patrarant
951 2544 1054 2582 atque
1064 2537 1245 2581 Eutyches
1257 2542 1376 2570 contra
1386 2548 1542 2580 magnum
1551 2535 1697 2571 Flavia-

254 2593 332 2616 num
348 2594 455 2625 grave
471 2586 616 2628 facinus,
642 2585 744 2628 (825)
761 2595 805 2617 ne
820 2584 958 2628 impune
974 2584 1077 2626 foret,
1100 2583 1286 2627 imperator
1302 2588 1355 2616 est
1370 2588 1523 2626 rogatus.
1560 2580 1698 2624 iamque

253 2628 422 2670 synodum
446 2631 601 2664 contrahi
623 2630 750 2665 iussum
766 2630 880 2663 fuerat
896 2628 1064 2662 Marciani
1084 2628 1196 2661 edicto
1215 2639 1255 2661 ac
1270 2627 1484 2669 Pulcheriae,
1507 2625 1697 2671 philochri-

253 2677 383 2706 storum
404 2684 521 2717 regum
543 2675 688 2719 piorum.
728 2686 810 2718 ergo
831 2674 867 2708 in
889 2675 976 2708 urbe
995 2672 1212 2707 Chalcedone
1229 2672 1397 2707 divinitus
1419 2672 1522 2715 (830)
1543 2670 1698 2715 theologi

255 2721 374 2761 patres
394 2726 629 2755 convenerunt
644 2719 799 2755 sexcenti
812 2730 887 2753 cum
901 2718 1044 2763 triginta
1058 2718 1270 2763 congregati.
1316 2717 1370 2752 his
1388 2720 1548 2761 praeerat
1565 2717 1698 2751 Romae

253 2761 404 2799 senioris
425 2762 498 2799 Leo
521 2776 702 2810 novaeque
717 2765 894 2802 Anatolius
916 2764 994 2801 dius
1016 2763 1198 2810 episeopus
1221 2768 1258 2799 et
1278 2761 1453 2799 Iuvenalis
1473 2761 1592 2797 Sionis
1613 2772 1695 2796 san-
