1786 3080
227 145 326 194 284
776 150 1127 196 EPHRAEMTUS

357 262 425 304 καὶ
441 261 571 305 τοῖσδ’
595 260 765 306 ὖπείκων
782 263 884 320 πρὸς
899 263 946 307 τὸ
963 266 1090 320 δῆθεν
1111 266 1318 324 συμφέρον

361 329 528 387 ἔπραττε
547 331 676 373 πολλὰ
692 335 770 374 τῶν
789 332 983 386 ἀθέσμων
1001 331 1176 388 ἀλόγως·

226 396 335 440 6985
360 400 427 440 καὶ
446 403 521 441 σῦν
538 398 822 452 Καλυδώνιον,
852 399 966 457 ἔργον
983 409 1022 443 τι
1041 401 1163 454 ξένον,

361 467 481 523 ἕδρας
501 467 571 524 ἐφ’
591 462 641 522 ἧς
654 470 796 525 ἵδρυτο
817 467 1097 523 καταβιβάσας

361 534 521 590 ἤνεγκεν
542 539 598 587 εἷς
612 536 798 592 μέγιστον
819 538 977 593 ἀρχεῖον
994 539 1080 597 βία,

363 602 494 657 δήμου
513 602 651 658 συώὸη
667 605 840 658 μανικὴν
857 606 1022 656 ἀταξίαν

361 671 523 723 παύων,
556 673 872 729 ε’πιφρίσσουσαν
890 674 1171 724 ἀτασθαλίαις.

225 742 337 783 6990
430 738 480 782 ‘O
499 740 541 782 δ’
563 741 735 795 ἓλλοχῶν
753 736 804 795 ἦν
821 746 872 798 τῇ
888 743 1067 795 βασιλίδι
1085 742 1197 785 πόλει

359 808 532 863 στρατὸς
545 810 739 851 Λατίνων
756 809 915 860 ἱππικὸς
932 811 997 852 καὶ
1019 812 1167 865 νηΐτης,

359 874 625 933 ᾳῖιλαργυρίας
640 876 695 919 ὢν
712 877 884 934 ἐραστὴς
901 876 1076 933 εἶσάγαν,

358 943 562 999 ἄπληστος
582 944 707 995 ὄντως
721 946 866 997 πίθος,
901 943 956 996 ὡς
974 947 1183 1001 παροιμία.

359 1017 513 1066 συχνῶς
530 1011 702 1063 ἐπιόντες
717 1014 761 1055 δὲ
778 1015 846 1055 καὶ
862 1015 1124 1069 Προποντίδα

223 1082 333 1122 6995
358 1082 425 1122 καὶ
446 1082 498 1123 τὰ
516 1081 628 1136 πέριξ
645 1079 804 1123 ἅπαντα
820 1086 892 1136 τῆς
909 1083 1166 1134 Βυζαντίδος,

357 1146 479 1199 ναούς
499 1166 540 1191 τε
561 1151 700 1199 θείους
720 1151 787 1191 καὶ
806 1149 1064 1205 περικλύτους
1081 1149 1232 1207 δόμους

358 1216 511 1267 πάντας
530 1219 728 1272 ἐληΐζοντο
746 1217 1085 1274 κατεπυρπόλουν.

358 1283 458 1327 ὅθεν
478 1289 651 1327 πολιτῶν
671 1287 978 1335 συναλισθέντες
997 1293 1140 1343 στῖφος

356 1352 479 1409 ’ᾔτουν
499 1357 636 1407 λαβεῖν
659 1354 851 1410 στρατιὰν
875 1355 916 1405 ἐξ
937 1353 1118 1396 ἀνάκτων

223 1422 333 1462 7000
355 1419 534 1477 ἡγήτορα
558 1427 672 1478 σφιῦν
692 1422 785 1464 κατ’
811 1424 971 1478 ἐχθρῶν
992 1420 1232 1464 ἀντιπάλων.

354 1489 450 1531 ἀλλ’
478 1489 665 1547 ἐξεκώφει
686 1492 766 1540 πᾶς
787 1507 846 1540 τις
866 1492 907 1532 ἐν
927 1488 1084 1539 τούτοις
1105 1488 1235 1546 λόγος,

354 1555 531 1611 μάλιστα
553 1557 593 1599 δ’
617 1557 797 1600 ἀνένευον
818 1558 857 1599 οἷ
876 1556 1141 1614 στεφηφόροι,

354 1624 455 1679 μηδ’
483 1625 581 1667 ὠσὶν
601 1625 741 1682 ἄκροις
759 1625 832 1679 τὴν
852 1625 954 1680 πρὸς
971 1627 1179 1675 Λατίνους
1197 1624 1331 1681 μάχην

355 1693 576 1734 ἀκουστέαν
593 1695 791 1749 κρίνοντες
807 1694 850 1743 ἐξ
869 1693 1067 1746 ἀμαθίας.

219 1762 328 1804 7005
353 1759 375 1803 ὅ
397 1759 563 1811 Δούκας
583 1761 626 1802 δὲ
646 1758 971 1818 Μούρτζουφλος
990 1758 1164 1811 ἐξελθὼν
1181 1758 1303 1814 μόνος

354 1835 437 1879 τοῖς
453 1829 621 1879 Ἰταλοῖς
641 1845 718 1871 που
737 1827 960 1883 συνεπλάκη
979 1828 1080 1884 πρὸς
1098 1826 1254 1883 μάχην·

353 1899 420 1938 καὶ
447 1894 504 1951 μή
528 1914 635 1947 τινος
653 1895 782 1954 τούτῳ
802 1914 847 1953 γε
867 1894 1170 1951 συνησπικῦτος,

354 1964 460 2008 οὕτω
479 1969 643 2019 βασιλεῖ
655 1963 777 2016 δόξαν
797 1967 840 2008 ἐκ
855 1965 1092 2020 βασκανίας,

437 2095 526 2130 6994
548 2093 612 2130 καὶ
633 2106 687 2130 om
709 2095 742 2128 V
877 2096 968 2130 6999
988 2090 1259 2139 orqoetnye'tnv?

218 2209 298 2242 dum
335 2207 390 2242 his
423 2207 627 2252 obsequitur
647 2207 685 2240 in
707 2207 871 2251 gerendis
891 2209 1018 2252 rebus,
1051 2206 1200 2241 absurda
1231 2203 1337 2238 multa
1364 2204 1452 2240 feeit
1473 2209 1510 2239 et
1532 2204 1665 2240 illicita.

218 2254 341 2297 (6985)
373 2266 451 2288 nam
475 2259 511 2288 et
531 2264 627 2287 suem
650 2253 899 2298 Calydonium,
923 2264 1010 2298 opus
1032 2253 1171 2294 mirum,
1194 2251 1239 2285 de
1259 2251 1346 2284 base
1367 2262 1432 2286 sua
1453 2258 1667 2294 commotum,

219 2298 256 2331 in
282 2310 351 2344 qua
373 2304 540 2342 steterat,
573 2298 611 2332 in
640 2299 822 2334 maximum
851 2299 1035 2333 transferri
1062 2297 1224 2343 palatium
1248 2294 1379 2340 voluit,
1409 2296 1510 2342 quasi
1529 2295 1666 2331 cohibi-

218 2352 316 2378 turus
339 2345 405 2378 hac
426 2356 466 2379 re
486 2344 651 2378 ferociam
672 2344 793 2389 populi
815 2345 1010 2379 horrentem
1033 2349 1138 2387 atque
1160 2340 1393 2387 petulantiam.

310 2390 433 2433 (6990)
466 2389 700 2424 Insidiabatur
728 2390 868 2424 interim
899 2390 976 2424 urbi
1002 2389 1122 2433 regiae
1147 2387 1320 2421 exercitus
1344 2386 1492 2421 Latinus
1514 2390 1610 2420 terra
1631 2389 1668 2420 et

217 2434 323 2479 mari,
358 2436 551 2480 profundae
570 2436 708 2470 deditus
730 2447 867 2480 semper
888 2434 1076 2477 avaritiae,
1109 2432 1239 2468 dolium
1261 2444 1346 2465 vere
1365 2430 1594 2476 inexplebile,
1627 2435 1667 2464 ut

217 2480 269 2514 ait
291 2481 525 2525 proverbium.
572 2481 604 2515 is
626 2480 702 2515 sine
723 2481 793 2515 fine
815 2492 1002 2515 excurrens
1025 2490 1088 2525 per
1107 2478 1354 2524 Propontidem
1389 2476 1511 2521 (6995)
1534 2486 1666 2520 perque

217 2525 381 2568 Byzantii
412 2532 537 2561 cuncta
567 2527 782 2571 suburbana,
816 2537 917 2560 sacra
944 2525 1088 2560 delubra
1117 2536 1191 2559 cum
1220 2522 1386 2557 nobilium
1415 2521 1665 2567 villispassim

216 2571 375 2605 subiecto
398 2573 631 2616 praedabatur
651 2572 746 2616 igne.
769 2583 879 2615 quare
899 2571 1102 2616 conspirans
1125 2569 1252 2603 civium
1276 2568 1454 2603 multitudo
1475 2565 1665 2600 exercitum

217 2628 239 2649 a
267 2615 408 2660 regibus
439 2618 654 2663 postulabat,
688 2617 810 2661 (7000)
843 2617 903 2661 qui
931 2617 999 2651 sibi
1031 2621 1153 2650 contra
1185 2615 1302 2648 hostes
1333 2612 1512 2658 suppetias
1541 2611 1662 2645 ferret.

216 2672 336 2695 verum
359 2661 424 2708 liae
448 2675 568 2707 preces
592 2663 803 2697 canebantur
825 2662 960 2706 surdis,
997 2667 1033 2696 et
1060 2661 1252 2695 renuebant
1281 2659 1426 2692 maxime
1448 2662 1666 2709 regnatore&

217 2706 278 2750 qui
309 2719 354 2740 ne
385 2708 590 2743 mentionem
622 2708 779 2753 quidem,
813 2709 857 2741 ob
887 2719 982 2741 suam
1011 2706 1216 2749 stultitiam,
1248 2704 1398 2739 bellandi
1425 2714 1500 2736 cum
1528 2701 1664 2735 Latinis

215 2753 311 2786 serre
334 2758 509 2797 poterant.
556 2755 679 2798 (7005)
702 2753 795 2787 solus
817 2752 1023 2786 Murtzuflus
1045 2753 1161 2786 Ducas
1184 2750 1288 2785 armis
1310 2748 1455 2793 sumptis
1474 2758 1548 2780 cum
1567 2746 1664 2799 italis

216 2797 373 2832 conflixit
396 2798 600 2844 aliquandoz
635 2810 753 2835 verum
777 2809 852 2833 cum
876 2809 974 2833 nemo
997 2798 1109 2835 ferret
1129 2796 1163 2832 ei
1185 2794 1384 2842 suppetiae,
1407 2798 1550 2839 propter
1571 2802 1663 2826 mvi·
