<?xml version="1.0" encoding="UTF-8"?>
<!DOCTYPE html PUBLIC "-//W3C//DTD XHTML 1.0 Transitional//EN"
    "http://www.w3.org/TR/xhtml1/DTD/xhtml1-transitional.dtd">
<html xmlns="http://www.w3.org/1999/xhtml" xml:lang="en" lang="en">
 <head>
  <title>
</title>
<meta http-equiv="Content-Type" content="text/html;charset=utf-8" />
  <meta name='ocr-system' content='tesseract 3.04.00' />
  <meta name='ocr-capabilities' content='ocr_page ocr_carea ocr_par ocr_line ocrx_word'/>
</head>
<body>
  <div class='ocr_page' id='page_1' title='image "./corpusscriptorum12niebuoft/corpusscriptorum12niebuoft_0276.png"; bbox 0 0 1786 3080; ppageno 0'>
   <div class='ocr_carea' id='block_1_1' title="bbox 218 131 1117 184">
    <p class='ocr_par' dir='ltr' id='par_1_1' title="bbox 218 131 1117 184">
     <span class='ocr_line' id='line_1_1' title="bbox 218 131 1117 184; baseline 0.009 -8"><span class='ocrx_word' id='word_1_1' title='bbox 218 131 315 177; x_wconf 85' lang='lat'><strong><em>266</em></strong></span> <span class='ocrx_word' id='word_1_2' title='bbox 763 137 1117 184; x_wconf 80' lang='lat' dir='ltr'><strong>EPHRAEMIUS</strong></span> 
     </span>
    </p>
   </div>
   <div class='ocr_carea' id='block_1_2' title="bbox 203 242 1276 1937">
    <p class='ocr_par' dir='ltr' id='par_1_2' title="bbox 203 242 1276 1937">
     <span class='ocr_line' id='line_1_2' title="bbox 349 242 1094 307; baseline 0.013 -22"><span class='ocrx_word' id='word_1_3' title='bbox 349 242 373 286; x_wconf 79' lang='grc' dir='ltr'>ὃ</span> <span class='ocrx_word' id='word_1_4' title='bbox 393 242 541 298; x_wconf 81' lang='grc' dir='ltr'><strong><em>ληπτόν</em></strong></span> <span class='ocrx_word' id='word_1_5' title='bbox 558 245 664 288; x_wconf 74' lang='grc' dir='ltr'><strong><em>ἔστιν</em></strong></span> <span class='ocrx_word' id='word_1_6' title='bbox 681 245 776 302; x_wconf 80' lang='grc' dir='ltr'><strong><em>ἢμΐν</em></strong></span> <span class='ocrx_word' id='word_1_7' title='bbox 790 249 832 291; x_wconf 78' lang='grc' dir='ltr'><strong><em>ἓν</em></strong></span> <span class='ocrx_word' id='word_1_8' title='bbox 847 254 1094 307; x_wconf 76' lang='grc' dir='ltr'><strong><em>μυστηρίοις,</em></strong></span> 
     </span>
     <span class='ocr_line' id='line_1_3' title="bbox 349 311 1177 375; baseline 0.012 -22"><span class='ocrx_word' id='word_1_9' title='bbox 349 311 568 369; x_wconf 72' lang='grc' dir='ltr'><strong><em>ἄφθαρτον</em></strong></span> <span class='ocrx_word' id='word_1_10' title='bbox 594 313 690 356; x_wconf 76' lang='grc' dir='ltr'><strong><em>εἶναι</em></strong></span> <span class='ocrx_word' id='word_1_11' title='bbox 713 316 900 375; x_wconf 84' lang='grc' dir='ltr'><strong><em>καθάπερ</em></strong></span> <span class='ocrx_word' id='word_1_12' title='bbox 920 321 1022 373; x_wconf 83' lang='grc' dir='ltr'><strong><em>μετὰ</em></strong></span> <span class='ocrx_word' id='word_1_13' title='bbox 1043 320 1177 370; x_wconf 85' lang='grc' dir='ltr'><strong><em>πάθος</em></strong></span> 
     </span>
     <span class='ocr_line' id='line_1_4' title="bbox 347 382 1247 444; baseline 0.009 -23"><span class='ocrx_word' id='word_1_14' title='bbox 347 383 413 422; x_wconf 84' lang='grc' dir='ltr'><strong><em>καὶ</em></strong></span> <span class='ocrx_word' id='word_1_15' title='bbox 434 383 553 423; x_wconf 89' lang='grc' dir='ltr'><strong><em>θείαν</em></strong></span> <span class='ocrx_word' id='word_1_16' title='bbox 575 382 812 436; x_wconf 74' lang='grc' dir='ltr'><em>ἀνάστασιν,</em></span> <span class='ocrx_word' id='word_1_17' title='bbox 845 386 872 441; x_wconf 82' lang='grc' dir='ltr'><em>ἢ</em></span> <span class='ocrx_word' id='word_1_18' title='bbox 895 388 1084 444; x_wconf 83' lang='grc' dir='ltr'><strong><em>φθαρτὸν</em></strong></span> <span class='ocrx_word' id='word_1_19' title='bbox 1107 390 1247 443; x_wconf 79' lang='grc' dir='ltr'><strong><em>λέγειν,</em></strong></span> 
     </span>
     <span class='ocr_line' id='line_1_5' title="bbox 349 445 1228 507; baseline 0.013 -18"><span class='ocrx_word' id='word_1_20' title='bbox 349 446 485 490; x_wconf 79' lang='grc' dir='ltr'><strong><em>ὁποῖον</em></strong></span> <span class='ocrx_word' id='word_1_21' title='bbox 506 445 555 504; x_wconf 72' lang='grc' dir='ltr'><strong><em>ἦν</em></strong></span> <span class='ocrx_word' id='word_1_22' title='bbox 574 451 651 506; x_wconf 85' lang='grc' dir='ltr'><strong><em>πρὸ</em></strong></span> <span class='ocrx_word' id='word_1_23' title='bbox 672 452 854 496; x_wconf 83' lang='grc' dir='ltr'><strong><em>θανάτου</em></strong></span> <span class='ocrx_word' id='word_1_24' title='bbox 875 457 942 496; x_wconf 85' lang='grc' dir='ltr'><strong><em>καὶ</em></strong></span> <span class='ocrx_word' id='word_1_25' title='bbox 962 462 1034 498; x_wconf 80' lang='grc' dir='ltr'><strong><em>τοῦ</em></strong></span> <span class='ocrx_word' id='word_1_26' title='bbox 1055 456 1228 507; x_wconf 82' lang='grc' dir='ltr'><strong><em>πάθους,</em></strong></span> 
     </span>
     <span class='ocr_line' id='line_1_6' title="bbox 216 516 1104 574; baseline 0.01 -17"><span class='ocrx_word' id='word_1_27' title='bbox 216 518 324 559; x_wconf 83' lang='lat'>6515</span> <span class='ocrx_word' id='word_1_28' title='bbox 351 516 566 573; x_wconf 72' lang='grc' dir='ltr'><em>ἄφθαρτον</em></span> <span class='ocrx_word' id='word_1_29' title='bbox 583 519 621 560; x_wconf 77' lang='grc' dir='ltr'><strong><em>οἱ</em></strong></span> <span class='ocrx_word' id='word_1_30' title='bbox 637 521 709 572; x_wconf 78' lang='grc' dir='ltr'><strong><em>μὲν</em></strong></span> <span class='ocrx_word' id='word_1_31' title='bbox 727 522 979 564; x_wconf 75' lang='grc' dir='ltr'><em>ἀπεδείκνυον</em></span> <span class='ocrx_word' id='word_1_32' title='bbox 999 522 1104 574; x_wconf 84' lang='grc' dir='ltr'><strong><em>τόδε,</em></strong></span> 
     </span>
     <span class='ocr_line' id='line_1_7' title="bbox 349 586 1123 648; baseline 0.012 -23"><span class='ocrx_word' id='word_1_33' title='bbox 349 586 650 636; x_wconf 77' lang='grc' dir='ltr'><strong><em>διδασκαλικαΐς</em></strong></span> <span class='ocrx_word' id='word_1_34' title='bbox 663 587 863 644; x_wconf 80' lang='grc' dir='ltr'><strong><em>χρώμενοι</em></strong></span> <span class='ocrx_word' id='word_1_35' title='bbox 882 594 1123 648; x_wconf 71' lang='grc' dir='ltr'><strong><em>μαρτυρίαις</em></strong></span> 
     </span>
     <span class='ocr_line' id='line_1_8' title="bbox 347 655 1276 715; baseline 0.011 -21"><span class='ocrx_word' id='word_1_36' title='bbox 347 658 476 707; x_wconf 76' lang='grc' dir='ltr'><strong><em>σοφοῦ</em></strong></span> <span class='ocrx_word' id='word_1_37' title='bbox 499 656 700 711; x_wconf 78' lang='grc' dir='ltr'><strong><em>Κυρίλλου</em></strong></span> <span class='ocrx_word' id='word_1_38' title='bbox 720 659 786 698; x_wconf 80' lang='grc' dir='ltr'><strong><em>καὶ</em></strong></span> <span class='ocrx_word' id='word_1_39' title='bbox 809 659 960 714; x_wconf 84' lang='grc' dir='ltr'><strong><em>πατρὸς</em></strong></span> <span class='ocrx_word' id='word_1_40' title='bbox 978 655 1276 715; x_wconf 69' lang='grc' dir='ltr'><strong><em>Χρυσοστόμθν</em></strong></span> 
     </span>
     <span class='ocr_line' id='line_1_9' title="bbox 346 722 1073 779; baseline 0.011 -18"><span class='ocrx_word' id='word_1_41' title='bbox 346 722 543 774; x_wconf 78' lang='grc' dir='ltr'><strong><em>Εὗτυχιόυ</em></strong></span> <span class='ocrx_word' id='word_1_42' title='bbox 566 740 606 765; x_wconf 84' lang='grc' dir='ltr'><strong><em>τε</em></strong></span> <span class='ocrx_word' id='word_1_43' title='bbox 629 726 813 777; x_wconf 71' lang='grc' dir='ltr'><strong><em>ποιμένος</em></strong></span> <span class='ocrx_word' id='word_1_44' title='bbox 829 729 1073 779; x_wconf 84' lang='grc' dir='ltr'><strong><em>Βυζαντίδος</em></strong></span> 
     </span>
     <span class='ocr_line' id='line_1_10' title="bbox 347 791 1157 850; baseline 0.012 -21"><span class='ocrx_word' id='word_1_45' title='bbox 347 791 411 830; x_wconf 78' lang='grc' dir='ltr'><strong><em>καὶ</em></strong></span> <span class='ocrx_word' id='word_1_46' title='bbox 435 791 475 829; x_wconf 95' lang='grc' dir='ltr'>Γ</span> <span class='ocrx_word' id='word_1_47' title='bbox 473 794 656 847; x_wconf 70' lang='grc' dir='ltr'><strong><em>ρηγορίου</em></strong></span> <span class='ocrx_word' id='word_1_48' title='bbox 680 792 903 850; x_wconf 78' lang='grc' dir='ltr'><strong><em>φωσφόρου</em></strong></span> <span class='ocrx_word' id='word_1_49' title='bbox 922 796 1157 847; x_wconf 75' lang='grc' dir='ltr'><strong><em>Νυσσαέων,</em></strong></span> 
     </span>
     <span class='ocr_line' id='line_1_11' title="bbox 210 858 1056 914; baseline 0.012 -19"><span class='ocrx_word' id='word_1_50' title='bbox 210 858 319 901; x_wconf 72' lang='lat'>6520</span> <span class='ocrx_word' id='word_1_51' title='bbox 344 859 453 913; x_wconf 70' lang='grc' dir='ltr'><strong><em>οἵπερ</em></strong></span> <span class='ocrx_word' id='word_1_52' title='bbox 475 858 761 914; x_wconf 82' lang='grc' dir='ltr'><strong><em>παριστάνουσι</em></strong></span> <span class='ocrx_word' id='word_1_53' title='bbox 779 864 1056 913; x_wconf 76' lang='grc' dir='ltr'><strong><em>διδασκαλίαις</em></strong></span> 
     </span>
     <span class='ocr_line' id='line_1_12' title="bbox 345 927 1049 987; baseline 0.01 -21"><span class='ocrx_word' id='word_1_54' title='bbox 345 927 465 967; x_wconf 72' lang='grc' dir='ltr'><strong><em>ἐκεῖνο</em></strong></span> <span class='ocrx_word' id='word_1_55' title='bbox 486 931 602 981; x_wconf 86' lang='grc' dir='ltr'><strong><em>σῶμα</em></strong></span> <span class='ocrx_word' id='word_1_56' title='bbox 622 928 815 971; x_wconf 76' lang='grc' dir='ltr'><strong><em>δεσπότου</em></strong></span> <span class='ocrx_word' id='word_1_57' title='bbox 834 932 1049 987; x_wconf 73' lang='grc' dir='ltr'><strong><em>πεφυκέναι</em></strong></span> 
     </span>
     <span class='ocr_line' id='line_1_13' title="bbox 343 994 1133 1053; baseline 0.008 -18"><span class='ocrx_word' id='word_1_58' title='bbox 343 994 387 1035; x_wconf 86' lang='grc' dir='ltr'><strong><em>τὸ</em></strong></span> <span class='ocrx_word' id='word_1_59' title='bbox 410 998 479 1036; x_wconf 78' lang='grc' dir='ltr'><strong><em>νῦν</em></strong></span> <span class='ocrx_word' id='word_1_60' title='bbox 499 995 599 1051; x_wconf 83' lang='grc' dir='ltr'><strong><em>πρὸς</em></strong></span> <span class='ocrx_word' id='word_1_61' title='bbox 618 994 792 1039; x_wconf 70' lang='grc' dir='ltr'><strong><em>ἑστίασιν</em></strong></span> <span class='ocrx_word' id='word_1_62' title='bbox 811 995 906 1051; x_wconf 78' lang='grc' dir='ltr'><strong><em>ἡμῖν</em></strong></span> <span class='ocrx_word' id='word_1_63' title='bbox 925 998 1133 1053; x_wconf 72' lang='grc' dir='ltr'><strong><em>τυγχάνον,</em></strong></span> 
     </span>
     <span class='ocr_line' id='line_1_14' title="bbox 345 1061 1190 1120; baseline 0.008 -17"><span class='ocrx_word' id='word_1_64' title='bbox 345 1061 367 1103; x_wconf 82' lang='grc' dir='ltr'>ὃ</span> <span class='ocrx_word' id='word_1_65' title='bbox 391 1069 564 1117; x_wconf 82' lang='grc' dir='ltr'><strong><em>κρεῖττον</em></strong></span> <span class='ocrx_word' id='word_1_66' title='bbox 584 1063 714 1120; x_wconf 74' lang='grc' dir='ltr'><strong><em>ὂφθέν</em></strong></span> <span class='ocrx_word' id='word_1_67' title='bbox 734 1064 914 1108; x_wconf 81' lang='grc' dir='ltr'><strong><em>θανάτου</em></strong></span> <span class='ocrx_word' id='word_1_68' title='bbox 934 1067 1036 1119; x_wconf 77' lang='grc' dir='ltr'><strong><em>μετὰ</em></strong></span> <span class='ocrx_word' id='word_1_69' title='bbox 1054 1068 1190 1118; x_wconf 84' lang='grc' dir='ltr'><strong><em>πάθος</em></strong></span> 
     </span>
     <span class='ocr_line' id='line_1_15' title="bbox 344 1131 1187 1191; baseline 0.011 -22"><span class='ocrx_word' id='word_1_70' title='bbox 344 1131 447 1182; x_wconf 80' lang='grc' dir='ltr'><strong><em>ζωῆς</em></strong></span> <span class='ocrx_word' id='word_1_71' title='bbox 467 1134 658 1186; x_wconf 78' lang='grc' dir='ltr'><strong><em>κατῆρξεν</em></strong></span> <span class='ocrx_word' id='word_1_72' title='bbox 679 1133 857 1189; x_wconf 76' lang='grc' dir='ltr'><strong><em>ἀφθίτου</em></strong></span> <span class='ocrx_word' id='word_1_73' title='bbox 877 1139 1035 1190; x_wconf 78' lang='grc' dir='ltr'><strong><em>βροτῶν</em></strong></span> <span class='ocrx_word' id='word_1_74' title='bbox 1046 1135 1187 1191; x_wconf 87' lang='grc' dir='ltr'><strong><em>χάριν·</em></strong></span> 
     </span>
     <span class='ocr_line' id='line_1_16' title="bbox 207 1197 1162 1257; baseline 0.006 -18"><span class='ocrx_word' id='word_1_75' title='bbox 207 1201 315 1241; x_wconf 76' lang='lat'>6525</span> <span class='ocrx_word' id='word_1_76' title='bbox 341 1214 387 1238; x_wconf 83' lang='grc' dir='ltr'><strong><em>ου</em></strong></span> <span class='ocrx_word' id='word_1_77' title='bbox 409 1197 483 1239; x_wconf 75' lang='grc' dir='ltr'><strong><em>κᾶν</em></strong></span> <span class='ocrx_word' id='word_1_78' title='bbox 501 1217 547 1252; x_wconf 67' lang='grc' dir='ltr'><strong><em>με</em></strong></span> <span class='ocrx_word' id='word_1_79' title='bbox 543 1200 623 1254; x_wconf 67' lang='grc' dir='ltr'><strong><em>Ῑρος</em></strong></span> <span class='ocrx_word' id='word_1_80' title='bbox 645 1217 704 1250; x_wconf 85' lang='grc' dir='ltr'><strong><em>τις</em></strong></span> <span class='ocrx_word' id='word_1_81' title='bbox 722 1200 895 1257; x_wconf 79' lang='grc' dir='ltr'><strong><em>τυγχάνῃ</em></strong></span> <span class='ocrx_word' id='word_1_82' title='bbox 919 1204 1162 1257; x_wconf 77' lang='grc' dir='ltr'><strong><em>δεδεγμένος,</em></strong></span> 
     </span>
     <span class='ocr_line' id='line_1_17' title="bbox 340 1265 1064 1326; baseline 0.007 -19"><span class='ocrx_word' id='word_1_83' title='bbox 340 1265 446 1308; x_wconf 80' lang='grc' dir='ltr'><strong><em>ἅπαν</em></strong></span> <span class='ocrx_word' id='word_1_84' title='bbox 467 1267 603 1320; x_wconf 77' lang='grc' dir='ltr'><strong><em>λαβὼν</em></strong></span> <span class='ocrx_word' id='word_1_85' title='bbox 623 1267 755 1311; x_wconf 78' lang='grc' dir='ltr'><strong><em>ἄπεισι</em></strong></span> <span class='ocrx_word' id='word_1_86' title='bbox 775 1274 891 1323; x_wconf 80' lang='grc' dir='ltr'><strong><em>σῶμα</em></strong></span> <span class='ocrx_word' id='word_1_87' title='bbox 912 1273 1064 1326; x_wconf 83' lang='grc' dir='ltr'><strong><em>κυρίου,</em></strong></span> 
     </span>
     <span class='ocr_line' id='line_1_18' title="bbox 341 1337 1257 1392; baseline 0.009 -17"><span class='ocrx_word' id='word_1_88' title='bbox 341 1337 406 1375; x_wconf 84' lang='grc' dir='ltr'><strong><em>και</em></strong></span> <span class='ocrx_word' id='word_1_89' title='bbox 426 1339 720 1391; x_wconf 78' lang='grc' dir='ltr'><strong><em>προσθεουργεΐ</em></strong></span> <span class='ocrx_word' id='word_1_90' title='bbox 732 1340 824 1387; x_wconf 86' lang='grc' dir='ltr'><strong><em>τούς</em></strong></span> <span class='ocrx_word' id='word_1_91' title='bbox 841 1355 1111 1392; x_wconf 80' lang='grc' dir='ltr'><strong><em>μετασχοντας</em></strong></span> <span class='ocrx_word' id='word_1_92' title='bbox 1127 1342 1257 1391; x_wconf 78' lang='grc' dir='ltr'><strong><em>ξὲνως.</em></strong></span> 
     </span>
     <span class='ocr_line' id='line_1_19' title="bbox 339 1402 1114 1458; baseline 0.008 -15"><span class='ocrx_word' id='word_1_93' title='bbox 339 1402 376 1443; x_wconf 74' lang='grc' dir='ltr'><strong><em>οἱ</em></strong></span> <span class='ocrx_word' id='word_1_94' title='bbox 399 1403 440 1444; x_wconf 80' lang='grc' dir='ltr'><strong><em>δ’</em></strong></span> <span class='ocrx_word' id='word_1_95' title='bbox 468 1405 509 1444; x_wconf 69' lang='grc' dir='ltr'><strong><em>ἐκ</em></strong></span> <span class='ocrx_word' id='word_1_96' title='bbox 530 1405 691 1458; x_wconf 84' lang='grc' dir='ltr'><strong><em>μερίδος</em></strong></span> <span class='ocrx_word' id='word_1_97' title='bbox 709 1410 779 1458; x_wconf 83' lang='grc' dir='ltr'><strong><em>τῆς</em></strong></span> <span class='ocrx_word' id='word_1_98' title='bbox 799 1407 976 1456; x_wconf 73' lang='grc' dir='ltr'><strong><em>ἐναντίας</em></strong></span> <span class='ocrx_word' id='word_1_99' title='bbox 996 1406 1114 1450; x_wconf 79' lang='grc' dir='ltr'><strong><em>πάλιν</em></strong></span> 
     </span>
     <span class='ocr_line' id='line_1_20' title="bbox 341 1469 1096 1530; baseline 0.008 -19"><span class='ocrx_word' id='word_1_100' title='bbox 341 1469 517 1526; x_wconf 67' lang='grc' dir='ltr'><strong><em>ἔφασκον</em></strong></span> <span class='ocrx_word' id='word_1_101' title='bbox 534 1471 631 1513; x_wconf 74' lang='grc' dir='ltr'><strong><em>αὐτὸ</em></strong></span> <span class='ocrx_word' id='word_1_102' title='bbox 648 1475 751 1526; x_wconf 76' lang='grc' dir='ltr'><strong><em>μηδὲ</em></strong></span> <span class='ocrx_word' id='word_1_103' title='bbox 769 1472 892 1515; x_wconf 79' lang='grc' dir='ltr'><strong><em>τύπον</em></strong></span> <span class='ocrx_word' id='word_1_104' title='bbox 912 1476 1096 1530; x_wconf 69' lang='grc' dir='ltr'><strong><em>παρέχειν</em></strong></span> 
     </span>
     <span class='ocr_line' id='line_1_21' title="bbox 207 1540 1038 1595; baseline 0.005 -16"><span class='ocrx_word' id='word_1_105' title='bbox 207 1540 317 1580; x_wconf 84' lang='grc'>6530</span> <span class='ocrx_word' id='word_1_106' title='bbox 342 1543 487 1591; x_wconf 79' lang='grc' dir='ltr'><strong><em>σεπτῆς</em></strong></span> <span class='ocrx_word' id='word_1_107' title='bbox 504 1543 706 1595; x_wconf 84' lang='grc' dir='ltr'><strong><em>μακαρίας</em></strong></span> <span class='ocrx_word' id='word_1_108' title='bbox 726 1558 767 1582; x_wconf 87' lang='grc' dir='ltr'><strong><em>τε</em></strong></span> <span class='ocrx_word' id='word_1_109' title='bbox 787 1545 1038 1593; x_wconf 77' lang='grc' dir='ltr'><strong><em>παλινζωῖἀς,</em></strong></span> 
     </span>
     <span class='ocr_line' id='line_1_22' title="bbox 338 1605 1120 1666; baseline 0.006 -20"><span class='ocrx_word' id='word_1_110' title='bbox 338 1605 571 1659; x_wconf 77' lang='grc' dir='ltr'><strong><em>τελούμενον</em></strong></span> <span class='ocrx_word' id='word_1_111' title='bbox 592 1609 635 1648; x_wconf 77' lang='grc' dir='ltr'><strong><em>δὲ</em></strong></span> <span class='ocrx_word' id='word_1_112' title='bbox 658 1610 808 1650; x_wconf 91' lang='grc' dir='ltr'><strong><em>θυσιάν</em></strong></span> <span class='ocrx_word' id='word_1_113' title='bbox 827 1608 952 1663; x_wconf 82' lang='grc' dir='ltr'><strong><em>μόνην</em></strong></span> <span class='ocrx_word' id='word_1_114' title='bbox 973 1610 1120 1666; x_wconf 77' lang='grc' dir='ltr'><strong><em>φέρειν,</em></strong></span> 
     </span>
     <span class='ocr_line' id='line_1_23' title="bbox 337 1674 1251 1732; baseline 0.005 -17"><span class='ocrx_word' id='word_1_115' title='bbox 337 1675 553 1716; x_wconf 80' lang='grc' dir='ltr'><strong><em>κάντεῦθεν</em></strong></span> <span class='ocrx_word' id='word_1_116' title='bbox 577 1674 696 1717; x_wconf 79' lang='grc' dir='ltr'><strong><em>ἄνουν</em></strong></span> <span class='ocrx_word' id='word_1_117' title='bbox 718 1677 906 1732; x_wconf 78' lang='grc' dir='ltr'><strong><em>φθαρτὸν</em></strong></span> <span class='ocrx_word' id='word_1_118' title='bbox 927 1676 1087 1731; x_wconf 71' lang='grc' dir='ltr'><strong><em>ἄψυχον</em></strong></span> <span class='ocrx_word' id='word_1_119' title='bbox 1106 1679 1251 1730; x_wconf 80' lang='grc' dir='ltr'><strong><em>πέλειν,</em></strong></span> 
     </span>
     <span class='ocr_line' id='line_1_24' title="bbox 337 1742 1215 1801; baseline 0.006 -19"><span class='ocrx_word' id='word_1_120' title='bbox 337 1743 404 1783; x_wconf 83' lang='grc' dir='ltr'><strong><em>καὶ</em></strong></span> <span class='ocrx_word' id='word_1_121' title='bbox 425 1743 493 1783; x_wconf 86' lang='grc' dir='ltr'><strong><em>τὸν</em></strong></span> <span class='ocrx_word' id='word_1_122' title='bbox 511 1742 759 1798; x_wconf 83' lang='grc' dir='ltr'><strong><em>μετασχόντα</em></strong></span> <span class='ocrx_word' id='word_1_123' title='bbox 780 1745 825 1786; x_wconf 80' lang='grc' dir='ltr'><strong><em>δὲ</em></strong></span> <span class='ocrx_word' id='word_1_124' title='bbox 843 1743 1060 1798; x_wconf 81' lang='grc' dir='ltr'><strong><em>λαμβάνειν</em></strong></span> <span class='ocrx_word' id='word_1_125' title='bbox 1079 1746 1215 1801; x_wconf 77' lang='grc' dir='ltr'><strong><em>μέρος,</em></strong></span> 
     </span>
     <span class='ocr_line' id='line_1_25' title="bbox 335 1808 1178 1868; baseline 0.005 -17"><span class='ocrx_word' id='word_1_126' title='bbox 335 1810 409 1863; x_wconf 71' lang='lat'>⁰2³7.</span> <span class='ocrx_word' id='word_1_127' title='bbox 427 1808 534 1852; x_wconf 80' lang='grc' dir='ltr'><strong><em>ἅπαν</em></strong></span> <span class='ocrx_word' id='word_1_128' title='bbox 554 1811 598 1853; x_wconf 88' lang='grc' dir='ltr'><strong><em>τὸ</em></strong></span> <span class='ocrx_word' id='word_1_129' title='bbox 622 1815 740 1866; x_wconf 82' lang='grc' dir='ltr'><strong><em>σῶμα</em></strong></span> <span class='ocrx_word' id='word_1_130' title='bbox 760 1814 943 1868; x_wconf 77' lang='grc' dir='ltr'><strong><em>Χριστοῦ</em></strong></span> <span class='ocrx_word' id='word_1_131' title='bbox 963 1812 1178 1855; x_wconf 84' lang='grc' dir='ltr'><strong><em>δεσπότου·</em></strong></span> 
     </span>
     <span class='ocr_line' id='line_1_26' title="bbox 203 1876 1264 1937; baseline 0.006 -18"><span class='ocrx_word' id='word_1_132' title='bbox 203 1877 311 1920; x_wconf 84' lang='grc'>6535</span> <span class='ocrx_word' id='word_1_133' title='bbox 338 1880 371 1919; x_wconf 77' lang='grc' dir='ltr'><strong><em>εἴ</em></strong></span> <span class='ocrx_word' id='word_1_134' title='bbox 390 1876 466 1934; x_wconf 79' lang='grc' dir='ltr'><strong><em>γάρ</em></strong></span> <span class='ocrx_word' id='word_1_135' title='bbox 477 1910 490 1928; x_wconf 86' lang='grc'>,</span> <span class='ocrx_word' id='word_1_136' title='bbox 525 1880 667 1936; x_wconf 84' lang='grc' dir='ltr'><strong><em>φασίν,</em></strong></span> <span class='ocrx_word' id='word_1_137' title='bbox 702 1879 919 1937; x_wconf 74' lang='grc' dir='ltr'><strong><em>ἄφθαρτον</em></strong></span> <span class='ocrx_word' id='word_1_138' title='bbox 940 1879 1045 1935; x_wconf 82' lang='grc' dir='ltr'><strong><em>ὖπῆν</em></strong></span> <span class='ocrx_word' id='word_1_139' title='bbox 1067 1880 1264 1933; x_wconf 80' lang='grc' dir='ltr'><strong><em>καθόλου,</em></strong></span> 
     </span>
    </p>
   </div>
   <div class='ocr_carea' id='block_1_3' title="bbox 336 1940 1046 2112">
    <p class='ocr_par' dir='ltr' id='par_1_3' title="bbox 336 1940 1046 2112">
     <span class='ocr_line' id='line_1_27' title="bbox 336 1940 1046 2003; baseline 0.006 -16"><span class='ocrx_word' id='word_1_140' title='bbox 336 1940 385 2000; x_wconf 72' lang='grc' dir='ltr'><strong><em>ἦν</em></strong></span> <span class='ocrx_word' id='word_1_141' title='bbox 404 1945 454 1988; x_wconf 76' lang='grc' dir='ltr'><strong><em>ἂν</em></strong></span> <span class='ocrx_word' id='word_1_142' title='bbox 471 1947 620 2003; x_wconf 78' lang='grc' dir='ltr'><strong><em>ἀναφὲς</em></strong></span> <span class='ocrx_word' id='word_1_143' title='bbox 637 1948 811 1990; x_wconf 81' lang='grc' dir='ltr'><strong><em>ἀθέατον</em></strong></span> <span class='ocrx_word' id='word_1_144' title='bbox 827 1956 911 1999; x_wconf 78' lang='grc' dir='ltr'><strong><em>τοῖς</em></strong></span> <span class='ocrx_word' id='word_1_145' title='bbox 927 1948 1046 1999; x_wconf 84' lang='grc' dir='ltr'><strong><em>ὅλοις.</em></strong></span> 
     </span>
     <span class='ocr_line' id='line_1_28' title="bbox 417 2075 673 2112; baseline -0.004 0"><span class='ocrx_word' id='word_1_146' title='bbox 417 2076 507 2112; x_wconf 73' lang='grc'>6534</span> <span class='ocrx_word' id='word_1_147' title='bbox 534 2076 573 2111; x_wconf 77' lang='grc' dir='ltr'><strong><em>δὲ</em></strong></span> <span class='ocrx_word' id='word_1_148' title='bbox 597 2075 640 2112; x_wconf 80' lang='grc' dir='ltr'><strong><em>τὸ</em></strong></span> <span class='ocrx_word' id='word_1_149' title='bbox 655 2078 673 2111; x_wconf 74' lang='grc'><strong><em>7</em></strong></span> 
     </span>
    </p>
   </div>
   <div class='ocr_carea' id='block_1_4' title="bbox 200 2189 1647 2827">
    <p class='ocr_par' dir='ltr' id='par_1_4' title="bbox 200 2189 1647 2827">
     <span class='ocr_line' id='line_1_29' title="bbox 202 2189 1641 2237; baseline 0.002 -14"><span class='ocrx_word' id='word_1_150' title='bbox 202 2201 267 2235; x_wconf 86' lang='lat' dir='ltr'>pus</span> <span class='ocrx_word' id='word_1_151' title='bbox 290 2190 493 2224; x_wconf 83' lang='lat' dir='ltr'>dominicum</span> <span class='ocrx_word' id='word_1_152' title='bbox 516 2191 551 2224; x_wconf 87' lang='lat' dir='ltr'><strong><em>in</em></strong></span> <span class='ocrx_word' id='word_1_153' title='bbox 576 2189 752 2233; x_wconf 81' lang='lat' dir='ltr'>mysteriis</span> <span class='ocrx_word' id='word_1_154' title='bbox 774 2196 942 2235; x_wconf 89' lang='lat' dir='ltr'>sumptum</span> <span class='ocrx_word' id='word_1_155' title='bbox 965 2190 1235 2236; x_wconf 84' lang='lat' dir='ltr'>incorruptivum</span> <span class='ocrx_word' id='word_1_156' title='bbox 1264 2202 1362 2234; x_wconf 73' lang='lat' dir='ltr'>esse,</span> <span class='ocrx_word' id='word_1_157' title='bbox 1397 2195 1436 2226; x_wconf 87' lang='lat' dir='ltr'><strong><em>ut</em></strong></span> <span class='ocrx_word' id='word_1_158' title='bbox 1459 2195 1538 2237; x_wconf 73' lang='lat' dir='ltr'>post</span> <span class='ocrx_word' id='word_1_159' title='bbox 1558 2203 1641 2236; x_wconf 71' lang='lat' dir='ltr'>pas-</span> 
     </span>
     <span class='ocr_line' id='line_1_30' title="bbox 202 2237 1640 2281; baseline 0.001 -12"><span class='ocrx_word' id='word_1_160' title='bbox 202 2237 331 2269; x_wconf 56' lang='lat' dir='ltr'>tionem</span> <span class='ocrx_word' id='word_1_161' title='bbox 357 2237 656 2280; x_wconf 78' lang='lat' dir='ltr'>admirandamque</span> <span class='ocrx_word' id='word_1_162' title='bbox 679 2237 886 2279; x_wconf 79' lang='lat' dir='ltr'>anastasim,</span> <span class='ocrx_word' id='word_1_163' title='bbox 919 2248 962 2269; x_wconf 87' lang='lat' dir='ltr'><strong><em>an</em></strong></span> <span class='ocrx_word' id='word_1_164' title='bbox 987 2237 1239 2281; x_wconf 76' lang='lat' dir='ltr'>corruptivum,</span> <span class='ocrx_word' id='word_1_165' title='bbox 1273 2237 1374 2281; x_wconf 88' lang='lat' dir='ltr'>quale</span> <span class='ocrx_word' id='word_1_166' title='bbox 1397 2242 1477 2271; x_wconf 76' lang='lat' dir='ltr'>ante</span> <span class='ocrx_word' id='word_1_167' title='bbox 1501 2243 1640 2270; x_wconf 65' lang='lat' dir='ltr'>mortem</span> 
     </span>
     <span class='ocr_line' id='line_1_31' title="bbox 202 2281 1641 2327; baseline 0.001 -13"><span class='ocrx_word' id='word_1_168' title='bbox 202 2281 317 2315; x_wconf 77' lang='lat' dir='ltr'>fuerat</span> <span class='ocrx_word' id='word_1_169' title='bbox 336 2293 377 2315; x_wconf 85' lang='lat' dir='ltr'><strong><em>ac</em></strong></span> <span class='ocrx_word' id='word_1_170' title='bbox 399 2282 603 2326; x_wconf 80' lang='lat' dir='ltr'>passionem,</span> <span class='ocrx_word' id='word_1_171' title='bbox 639 2282 764 2324; x_wconf 85' lang='grc'>(6515)</span> <span class='ocrx_word' id='word_1_172' title='bbox 786 2282 894 2315; x_wconf 78' lang='lat' dir='ltr'>altera</span> <span class='ocrx_word' id='word_1_173' title='bbox 916 2294 995 2326; x_wconf 83' lang='lat' dir='ltr'>pars</span> <span class='ocrx_word' id='word_1_174' title='bbox 1019 2282 1136 2316; x_wconf 79' lang='lat' dir='ltr'>aiebat</span> <span class='ocrx_word' id='word_1_175' title='bbox 1157 2282 1440 2327; x_wconf 87' lang='lat' dir='ltr'>incorruptivum,</span> <span class='ocrx_word' id='word_1_176' title='bbox 1462 2283 1554 2316; x_wconf 75' lang='lat' dir='ltr'>freta</span> <span class='ocrx_word' id='word_1_177' title='bbox 1575 2282 1641 2316; x_wconf 84' lang='lat' dir='ltr'>do-</span> 
     </span>
     <span class='ocr_line' id='line_1_32' title="bbox 202 2327 1642 2380; baseline 0.001 -21"><span class='ocrx_word' id='word_1_178' title='bbox 202 2327 323 2360; x_wconf 76' lang='lat' dir='ltr'>ctrinis</span> <span class='ocrx_word' id='word_1_179' title='bbox 347 2333 451 2372; x_wconf 84' lang='lat' dir='ltr'>atque</span> <span class='ocrx_word' id='word_1_180' title='bbox 476 2327 681 2361; x_wconf 79' lang='lat' dir='ltr'>testimoniis</span> <span class='ocrx_word' id='word_1_181' title='bbox 713 2327 783 2360; x_wconf 86' lang='lat' dir='ltr'>cati</span> <span class='ocrx_word' id='word_1_182' title='bbox 804 2327 929 2370; x_wconf 84' lang='lat' dir='ltr'>Cyrilli</span> <span class='ocrx_word' id='word_1_183' title='bbox 953 2333 988 2360; x_wconf 87' lang='lat' dir='ltr'><strong><em>et</em></strong></span> <span class='ocrx_word' id='word_1_184' title='bbox 1011 2327 1122 2380; x_wconf 83' lang='lat' dir='ltr'>patris</span> <span class='ocrx_word' id='word_1_185' title='bbox 1146 2328 1384 2370; x_wconf 68' lang='grc' dir='ltr'><strong><em>Οὶιτ)εοεῑοπιί</em></strong></span> <span class='ocrx_word' id='word_1_186' title='bbox 1407 2327 1642 2371; x_wconf 75' lang='lat' dir='ltr'>Eutychiique</span> 
     </span>
     <span class='ocr_line' id='line_1_33' title="bbox 201 2372 1639 2417; baseline -0.001 -11"><span class='ocrx_word' id='word_1_187' title='bbox 201 2372 388 2415; x_wconf 84' lang='lat' dir='ltr'>Byzantini</span> <span class='ocrx_word' id='word_1_188' title='bbox 410 2373 578 2417; x_wconf 79' lang='lat' dir='ltr'>praesulis</span> <span class='ocrx_word' id='word_1_189' title='bbox 602 2377 636 2405; x_wconf 83' lang='lat' dir='ltr'><strong><em>et</em></strong></span> <span class='ocrx_word' id='word_1_190' title='bbox 657 2373 896 2414; x_wconf 87' lang='lat' dir='ltr'>Nyssenorum</span> <span class='ocrx_word' id='word_1_191' title='bbox 918 2372 1109 2417; x_wconf 87' lang='lat' dir='ltr'>phosphori</span> <span class='ocrx_word' id='word_1_192' title='bbox 1131 2373 1308 2417; x_wconf 83' lang='lat' dir='ltr'>Gregorii,</span> <span class='ocrx_word' id='word_1_193' title='bbox 1331 2373 1454 2416; x_wconf 77' lang='lat'>(6520)</span> <span class='ocrx_word' id='word_1_194' title='bbox 1476 2372 1534 2417; x_wconf 88' lang='lat' dir='ltr'><strong><em>qui</em></strong></span> <span class='ocrx_word' id='word_1_195' title='bbox 1551 2373 1639 2406; x_wconf 87' lang='lat' dir='ltr'>scri-</span> 
     </span>
     <span class='ocr_line' id='line_1_34' title="bbox 201 2417 1641 2462; baseline 0 -12"><span class='ocrx_word' id='word_1_196' title='bbox 201 2423 262 2461; x_wconf 82' lang='lat' dir='ltr'>pto</span> <span class='ocrx_word' id='word_1_197' title='bbox 295 2429 356 2451; x_wconf 82' lang='lat' dir='ltr'><strong><em>suo</em></strong></span> <span class='ocrx_word' id='word_1_198' title='bbox 388 2419 530 2452; x_wconf 81' lang='lat' dir='ltr'>suadent</span> <span class='ocrx_word' id='word_1_199' title='bbox 560 2417 757 2461; x_wconf 85' lang='lat' dir='ltr'>magisterio</span> <span class='ocrx_word' id='word_1_200' title='bbox 784 2418 875 2451; x_wconf 84' lang='lat' dir='ltr'>istud</span> <span class='ocrx_word' id='word_1_201' title='bbox 899 2430 920 2450; x_wconf 88' lang='lat' dir='ltr'><strong>a</strong></span> <span class='ocrx_word' id='word_1_202' title='bbox 943 2419 1044 2452; x_wconf 85' lang='lat' dir='ltr'>nobis</span> <span class='ocrx_word' id='word_1_203' title='bbox 1066 2423 1235 2462; x_wconf 86' lang='lat' dir='ltr'>sumptum</span> <span class='ocrx_word' id='word_1_204' title='bbox 1258 2418 1293 2451; x_wconf 88' lang='lat' dir='ltr'><strong><em>in</em></strong></span> <span class='ocrx_word' id='word_1_205' title='bbox 1316 2417 1490 2462; x_wconf 79' lang='lat' dir='ltr'>mysteriis</span> <span class='ocrx_word' id='word_1_206' title='bbox 1512 2417 1641 2451; x_wconf 82' lang='lat' dir='ltr'>domini</span> 
     </span>
     <span class='ocr_line' id='line_1_35' title="bbox 202 2463 1639 2508; baseline 0 -13"><span class='ocrx_word' id='word_1_207' title='bbox 202 2474 328 2507; x_wconf 85' lang='lat' dir='ltr'>corpus</span> <span class='ocrx_word' id='word_1_208' title='bbox 351 2475 494 2508; x_wconf 84' lang='lat' dir='ltr'>prorsus</span> <span class='ocrx_word' id='word_1_209' title='bbox 518 2475 596 2497; x_wconf 86' lang='lat' dir='ltr'>esse</span> <span class='ocrx_word' id='word_1_210' title='bbox 618 2463 802 2506; x_wconf 86' lang='lat' dir='ltr'>eiusmodi,</span> <span class='ocrx_word' id='word_1_211' title='bbox 837 2463 939 2508; x_wconf 86' lang='lat' dir='ltr'>quale</span> <span class='ocrx_word' id='word_1_212' title='bbox 967 2464 1104 2497; x_wconf 83' lang='lat' dir='ltr'>devicta</span> <span class='ocrx_word' id='word_1_213' title='bbox 1127 2470 1238 2497; x_wconf 86' lang='lat' dir='ltr'>morte</span> <span class='ocrx_word' id='word_1_214' title='bbox 1260 2470 1340 2508; x_wconf 81' lang='lat' dir='ltr'>post</span> <span class='ocrx_word' id='word_1_215' title='bbox 1362 2463 1557 2508; x_wconf 79' lang='lat' dir='ltr'>passionem</span> <span class='ocrx_word' id='word_1_216' title='bbox 1578 2474 1639 2495; x_wconf 80' lang='lat' dir='ltr'><strong><em>ae·</em></strong></span> 
     </span>
     <span class='ocr_line' id='line_1_36' title="bbox 202 2477 1640 2561; baseline 0.001 -21"><span class='ocrx_word' id='word_1_217' title='bbox 202 2514 332 2541; x_wconf 83' lang='lat' dir='ltr'>ternam</span> <span class='ocrx_word' id='word_1_218' title='bbox 365 2510 500 2553; x_wconf 83' lang='lat' dir='ltr'>accepit</span> <span class='ocrx_word' id='word_1_219' title='bbox 532 2509 638 2543; x_wconf 88' lang='lat' dir='ltr'>vitam</span> <span class='ocrx_word' id='word_1_220' title='bbox 671 2508 781 2541; x_wconf 84' lang='lat' dir='ltr'>nostri</span> <span class='ocrx_word' id='word_1_221' title='bbox 812 2477 944 2552; x_wconf 55' lang='lat' dir='ltr'>grlatia3</span> <span class='ocrx_word' id='word_1_222' title='bbox 977 2509 1102 2553; x_wconf 70' lang='lat'>(6525)</span> <span class='ocrx_word' id='word_1_223' title='bbox 1127 2521 1239 2552; x_wconf 84' lang='lat' dir='ltr'>neque</span> <span class='ocrx_word' id='word_1_224' title='bbox 1262 2508 1475 2561; x_wconf 69' lang='lat' dir='ltr'>aliquantam</span> <span class='ocrx_word' id='word_1_225' title='bbox 1507 2513 1640 2553; x_wconf 79' lang='lat' dir='ltr'>partem</span> 
     </span>
     <span class='ocr_line' id='line_1_37' title="bbox 202 2553 1639 2607; baseline 0 -21"><span class='ocrx_word' id='word_1_226' title='bbox 202 2564 264 2586; x_wconf 84' lang='lat' dir='ltr'><strong><em>nos</em></strong></span> <span class='ocrx_word' id='word_1_227' title='bbox 290 2555 489 2598; x_wconf 84' lang='lat' dir='ltr'>percipere,</span> <span class='ocrx_word' id='word_1_228' title='bbox 522 2555 583 2588; x_wconf 83' lang='lat' dir='ltr'>sed</span> <span class='ocrx_word' id='word_1_229' title='bbox 613 2553 811 2589; x_wconf 85' lang='lat' dir='ltr'>universum</span> <span class='ocrx_word' id='word_1_230' title='bbox 836 2553 967 2588; x_wconf 86' lang='lat' dir='ltr'>Christi</span> <span class='ocrx_word' id='word_1_231' title='bbox 998 2566 1122 2607; x_wconf 89' lang='lat' dir='ltr'>corpus</span> <span class='ocrx_word' id='word_1_232' title='bbox 1145 2553 1292 2596; x_wconf 87' lang='lat' dir='ltr'>domini,</span> <span class='ocrx_word' id='word_1_233' title='bbox 1327 2565 1347 2587; x_wconf 76' lang='lat' dir='ltr'><strong>a</strong></span> <span class='ocrx_word' id='word_1_234' title='bbox 1371 2565 1441 2607; x_wconf 92' lang='lat' dir='ltr'>quo</span> <span class='ocrx_word' id='word_1_235' title='bbox 1464 2558 1639 2587; x_wconf 76' lang='lat' dir='ltr'>sumentes</span> 
     </span>
     <span class='ocr_line' id='line_1_38' title="bbox 201 2597 1637 2644; baseline -0.001 -13"><span class='ocrx_word' id='word_1_236' title='bbox 201 2600 455 2632; x_wconf 67' lang='lat' dir='ltr'>sanctificamur</span> <span class='ocrx_word' id='word_1_237' title='bbox 478 2600 576 2635; x_wconf 86' lang='lat' dir='ltr'>mire.</span> <span class='ocrx_word' id='word_1_238' title='bbox 633 2610 752 2632; x_wconf 85' lang='lat' dir='ltr'>verum</span> <span class='ocrx_word' id='word_1_239' title='bbox 775 2600 969 2633; x_wconf 85' lang='lat' dir='ltr'>contrariae</span> <span class='ocrx_word' id='word_1_240' title='bbox 991 2599 1100 2644; x_wconf 80' lang='lat' dir='ltr'>partis</span> <span class='ocrx_word' id='word_1_241' title='bbox 1125 2600 1324 2633; x_wconf 84' lang='lat' dir='ltr'>defensores</span> <span class='ocrx_word' id='word_1_242' title='bbox 1345 2597 1535 2632; x_wconf 74' lang='lat' dir='ltr'>dicebant‘</span> <span class='ocrx_word' id='word_1_243' title='bbox 1525 2609 1637 2642; x_wconf 76' lang='lat' dir='ltr'>ipsum</span> 
     </span>
     <span class='ocr_line' id='line_1_39' title="bbox 200 2642 1638 2690; baseline 0 -14"><span class='ocrx_word' id='word_1_244' title='bbox 200 2644 290 2677; x_wconf 83' lang='lat' dir='ltr'>haud</span> <span class='ocrx_word' id='word_1_245' title='bbox 321 2646 499 2688; x_wconf 84' lang='lat' dir='ltr'>praeferre</span> <span class='ocrx_word' id='word_1_246' title='bbox 523 2651 644 2690; x_wconf 82' lang='lat' dir='ltr'>typum</span> <span class='ocrx_word' id='word_1_247' title='bbox 677 2645 799 2687; x_wconf 84' lang='grc'>(6530)</span> <span class='ocrx_word' id='word_1_248' title='bbox 822 2656 942 2679; x_wconf 81' lang='lat' dir='ltr'>sacrae</span> <span class='ocrx_word' id='word_1_249' title='bbox 964 2657 1005 2678; x_wconf 86' lang='lat' dir='ltr'><strong><em>ac</em></strong></span> <span class='ocrx_word' id='word_1_250' title='bbox 1027 2646 1152 2679; x_wconf 82' lang='lat' dir='ltr'>beatae</span> <span class='ocrx_word' id='word_1_251' title='bbox 1174 2644 1301 2678; x_wconf 87' lang='lat' dir='ltr'>domini</span> <span class='ocrx_word' id='word_1_252' title='bbox 1324 2650 1544 2685; x_wconf 81' lang='lat' dir='ltr'>anastaseos,</span> <span class='ocrx_word' id='word_1_253' title='bbox 1574 2642 1638 2676; x_wconf 73' lang='lat' dir='ltr'>sed</span> 
     </span>
     <span class='ocr_line' id='line_1_40' title="bbox 201 2689 1635 2736; baseline -0.001 -13"><span class='ocrx_word' id='word_1_254' title='bbox 201 2689 408 2723; x_wconf 76' lang='lat' dir='ltr'>sacrificium</span> <span class='ocrx_word' id='word_1_255' title='bbox 433 2691 532 2724; x_wconf 88' lang='lat' dir='ltr'>unice</span> <span class='ocrx_word' id='word_1_256' title='bbox 556 2690 720 2734; x_wconf 80' lang='lat' dir='ltr'>mysterio</span> <span class='ocrx_word' id='word_1_257' title='bbox 742 2690 839 2731; x_wconf 80' lang='lat' dir='ltr'>fieri3</span> <span class='ocrx_word' id='word_1_258' title='bbox 864 2689 943 2723; x_wconf 90' lang='lat' dir='ltr'>hinc</span> <span class='ocrx_word' id='word_1_259' title='bbox 966 2702 1043 2724; x_wconf 82' lang='lat' dir='ltr'>esse</span> <span class='ocrx_word' id='word_1_260' title='bbox 1066 2690 1312 2736; x_wconf 80' lang='lat' dir='ltr'>corruptivum,</span> <span class='ocrx_word' id='word_1_261' title='bbox 1339 2690 1414 2723; x_wconf 85' lang='lat' dir='ltr'>sine</span> <span class='ocrx_word' id='word_1_262' title='bbox 1435 2699 1549 2731; x_wconf 83' lang='lat' dir='ltr'>sensu,</span> <span class='ocrx_word' id='word_1_263' title='bbox 1574 2699 1635 2721; x_wconf 86' lang='lat' dir='ltr'><strong><em>ex-</em></strong></span> 
     </span>
     <span class='ocr_line' id='line_1_41' title="bbox 201 2734 1647 2779; baseline -0.001 -12"><span class='ocrx_word' id='word_1_264' title='bbox 201 2734 326 2768; x_wconf 79' lang='lat' dir='ltr'>anime.</span> <span class='ocrx_word' id='word_1_265' title='bbox 374 2747 395 2769; x_wconf 85' lang='lat' dir='ltr'><strong>a</strong></span> <span class='ocrx_word' id='word_1_266' title='bbox 424 2736 523 2770; x_wconf 86' lang='lat' dir='ltr'>nobis</span> <span class='ocrx_word' id='word_1_267' title='bbox 552 2743 665 2770; x_wconf 80' lang='lat' dir='ltr'>autem</span> <span class='ocrx_word' id='word_1_268' title='bbox 697 2734 783 2769; x_wconf 83' lang='lat' dir='ltr'>sumi</span> <span class='ocrx_word' id='word_1_269' title='bbox 818 2740 950 2779; x_wconf 82' lang='lat' dir='ltr'>partem</span> <span class='ocrx_word' id='word_1_270' title='bbox 985 2741 1134 2779; x_wconf 81' lang='lat' dir='ltr'>tantum,</span> <span class='ocrx_word' id='word_1_271' title='bbox 1175 2747 1243 2769; x_wconf 89' lang='lat' dir='ltr'>non</span> <span class='ocrx_word' id='word_1_272' title='bbox 1279 2734 1474 2768; x_wconf 81' lang='lat' dir='ltr'>universum</span> <span class='ocrx_word' id='word_1_273' title='bbox 1513 2743 1647 2778; x_wconf 78' lang='lat' dir='ltr'>corpus·</span> 
     </span>
     <span class='ocr_line' id='line_1_42' title="bbox 201 2779 1639 2827; baseline -0.001 -14"><span class='ocrx_word' id='word_1_274' title='bbox 201 2779 333 2814; x_wconf 79' lang='lat' dir='ltr'>christi</span> <span class='ocrx_word' id='word_1_275' title='bbox 363 2781 510 2815; x_wconf 86' lang='lat' dir='ltr'>domini·</span> <span class='ocrx_word' id='word_1_276' title='bbox 544 2782 668 2826; x_wconf 80' lang='lat'><strong>(6535)</strong></span> <span class='ocrx_word' id='word_1_277' title='bbox 691 2792 766 2816; x_wconf 79' lang='lat' dir='ltr'><strong><em>nam</em></strong></span> <span class='ocrx_word' id='word_1_278' title='bbox 796 2780 828 2814; x_wconf 87' lang='lat' dir='ltr'><strong><em>si</em></strong></span> <span class='ocrx_word' id='word_1_279' title='bbox 860 2780 926 2814; x_wconf 82' lang='lat' dir='ltr'>hoc</span> <span class='ocrx_word' id='word_1_280' title='bbox 956 2786 1048 2815; x_wconf 80' lang='lat' dir='ltr'>esset</span> <span class='ocrx_word' id='word_1_281' title='bbox 1077 2792 1218 2827; x_wconf 83' lang='lat' dir='ltr'>prorsus</span> <span class='ocrx_word' id='word_1_282' title='bbox 1241 2779 1538 2824; x_wconf 75' lang='lat' dir='ltr'>incorruptivum,</span> <span class='ocrx_word' id='word_1_283' title='bbox 1574 2788 1639 2812; x_wconf 75' lang='lat' dir='ltr'><strong><em>nec</em></strong></span> 
     </span>
    </p>
   </div>
  </div>
 </body>
</html>
