1786 3080
249 145 312 191 24
789 149 1135 193 EPHRAEMIUS

266 259 348 302 360
380 258 590 313 ἐφίσταταί
607 258 644 300 οἱ
667 260 887 315 προκρίτων
912 258 1142 302 ἀποστόλων

380 325 479 375 δυὰς
499 323 661 382 φαεινή,
693 326 851 383 Πέτρος
870 326 955 380 ἅμα
973 329 1038 368 καὶ
1055 329 1237 379 Παῦλος,

382 396 673 448 παρεγγυῶντες
691 395 858 447 γνησίως
874 391 1072 451 ἔπισκόπῳ

381 459 432 501 τὰ
450 460 549 501 καθ’
574 458 712 502 ἑαυτὸν
733 461 964 504 ἀναθέσθαι
986 460 1059 503 σὺν
1075 458 1208 518 πόθῳ,

383 528 415 568 εἷ
432 524 618 578 βούλεται
634 534 740 580 σχεῖν
755 533 828 570 τοῦ
845 528 1040 579 πιέζοντος
1059 525 1171 571 λύσιν

263 592 343 635 365
379 594 480 647 ζωῆς
500 592 700 649 ἀκηράτου
720 612 762 638 τε
781 601 910 648 τυχεῖν
931 596 997 636 καὶ
1018 595 1143 649 ξένης.

381 660 462 702 ἐπεὶ
483 659 524 701 δ’
548 661 687 714 ἀνῆκεν
704 662 827 711 ὕπνος
845 660 965 703 αὐτόν
972 692 986 712 ,
1020 662 1163 703 αὐτίκα

380 726 449 768 τὸν
471 726 574 782 ἱερὸν
595 728 833 785 Σίλβεστρον
853 729 1031 781 εὐλαβῶς
1050 728 1150 784 ἄγαν

379 798 676 846 μετακαλεῖται,
711 798 776 837 καὶ
796 793 1072 850 προσελθόντα
1092 795 1241 848 βλέπει,

378 862 445 902 καὶ
464 859 592 903 πάντα
612 862 789 913 διέξεισιν
807 862 916 919 αὐτῷ
933 860 1190 919 προφρόνως·

268 928 352 969 870
384 925 405 969 ὅ
427 928 466 969 δ’
492 923 543 970 αὗ
563 927 696 984 ἐπάγει
713 934 792 971 τῶν
808 929 1040 972 θεαθέντων
1057 928 1183 972 λύσιν.

382 996 449 1036 καὶ
469 996 510 1036 τί
526 994 576 1048 με
596 997 660 1037 δεῖ
673 995 879 1053 γράφοντα
895 997 1033 1053 μακρὰ
1051 994 1309 1051 συμπλέκειν,-

381 1062 582 1104 ἔκτίθεταί
597 1063 635 1103 οἱ
649 1063 717 1105 τὸν
734 1061 850 1118 λόγον
867 1065 1103 1120 μυστηρίου,

380 1134 477 1181 μυεῖ
488 1146 529 1172 τε
544 1131 723 1181 βαπτίζει
739 1147 782 1172 τε
801 1129 1065 1174 πιστεύσαντοὶ
1081 1148 1139 1187 γε,

382 1199 552 1252 λουτροῦ
571 1197 610 1238 τ’
632 1196 747 1251 ἀσινῆ
765 1201 837 1239 τοῦ
854 1202 1054 1254 παναγοῧς
1073 1196 1221 1253 ἀνάγει.

268 1263 348 1306 375
383 1267 591 1318 προσῆλθε
607 1266 775 1322 Χριστῷ
792 1265 858 1306 καὶ
873 1266 1032 1318 βασιλὶς
1041 1263 1181 1318 Ἑλένη

382 1331 655 1378 διδασκαλίαις
672 1330 936 1384 ποιμενάρχου
953 1332 1196 1385 Σιλβέστρου
1207 1344 1223 1356 “

381 1396 480 1449 μεθ’
502 1390 549 1438 οὗ
569 1396 674 1438 Eadm
688 1395 832 1450 ἔβλεψε
850 1397 922 1450 τὴν
941 1400 1042 1438 θεοῦ
1059 1395 1173 1439 πόλιν

383 1465 438 1512 εἷς
456 1463 679 1520 φανέρωσιν
697 1468 912 1520 σταυρικοῧ
925 1465 1037 1505 θείου
1056 1461 1178 1513 ξύλον

383 1534 487 1571 ναῶν
506 1530 545 1572 τ’
570 1529 815 1584 ἀναδόμησιν
838 1529 1118 1585 εὐαγεστάτων.

269 1598 352 1639 380
384 1596 598 1639 κάντεῦθεν
616 1597 735 1640 ἀνθεῖ
748 1597 798 1640 τὰ
818 1597 923 1639 καθ’
945 1594 1051 1651 ἡμεῖς
1066 1599 1120 1646 εἰς
1136 1597 1249 1653 μέγα,

381 1664 585 1706 ἐκτείνεται
603 1665 646 1706 δὲ
663 1666 729 1706 καὶ
745 1664 861 1720 μέχρι
877 1668 950 1719 γῆς
966 1661 1172 1719 τερμάτων

384 1730 579 1788 σωτήριον
597 1730 781 1787 κήρυγμα
798 1736 877 1774 τῶν
892 1729 1138 1783 ἀποστόλων,

385 1802 479 1856 γελᾷ
497 1801 521 1840 δ
526 1799 538 1814 ²
560 1797 629 1855 ἔαρ
648 1796 797 1853 ἥσυχον
812 1798 1065 1854 ὃρθοδοξίας.

386 1865 606 1920 ἀνοίγνυται
624 1870 701 1915 πᾶς
718 1868 785 1908 καὶ
801 1865 897 1915 νεὼς
908 1862 1214 1923 χριστωνύμοις,

272 1932 352 1974 385
384 1930 523 1986 βωμός
539 1933 580 1975 τ’
602 1933 859 1990 ἀνετέτραπτο
880 1938 959 1982 πᾶς
975 1932 1048 1976 σὺν
1065 1936 1114 1989 τῇ
1130 1930 1260 1988 πλάνῃ

387 2002 570 2056 Χριστοῦ
591 1998 755 2055 δυνάμει
775 1998 1045 2051 παντάνακτος
1061 1997 1269 2051 δεσπότου,

253 2125 483 2168 apostolorum
503 2125 635 2161 illustre
656 2138 741 2171 par,
770 2126 911 2161 Petrum
933 2138 1007 2162 cum
1029 2126 1136 2161 Paulo
1158 2125 1310 2170 scilicet,
1336 2137 1444 2171 seque
1465 2126 1688 2164 adhortantes

253 2175 294 2203 ut
313 2170 448 2205 sincere
470 2171 632 2216 episcopo
655 2172 799 2206 salutem
820 2183 914 2206 suam
936 2172 1027 2206 dulci
1049 2183 1124 2205 cum
1145 2182 1208 2216 spe
1230 2171 1475 2215 committeret,
1498 2172 1530 2206 si
1550 2173 1689 2217 quidem

254 2225 419 2258 praesens
440 2216 559 2251 malum
581 2218 703 2260 fugare
725 2216 830 2251 vellet
851 2218 951 2261 (365)
971 2216 1259 2260 immortalemque
1281 2228 1322 2250 ao
1343 2217 1460 2251 miram
1482 2217 1589 2251 vitam
1611 2218 1689 2253 adi-

256 2259 356 2302 pisci.
403 2266 581 2306 postquam
605 2272 680 2295 eum
703 2272 838 2296 somnus
857 2261 1060 2306 dereliquit,
1087 2261 1201 2295 statim
1222 2267 1374 2295 sanctum
1397 2262 1601 2297 silvestrum
1623 2264 1689 2299 ad-

256 2304 388 2338 modum
410 2311 612 2340 reverenter
635 2307 800 2348 advocat3
825 2311 928 2350 atque
951 2307 1008 2340 ubi
1035 2306 1222 2340 venientem
1243 2306 1430 2350 conspicit,
1451 2318 1523 2341 rem
1537 2307 1588 2341 illi
1603 2319 1689 2342 cun-

256 2353 345 2382 ctam
378 2351 498 2394 pandit
527 2351 783 2385 lubentissime:
817 2352 916 2394 (370)
942 2352 1110 2385 Silvester
1133 2363 1248 2395 regem
1270 2351 1339 2385 visi
1363 2351 1529 2386 rationem
1551 2353 1687 2388 edocet.

255 2402 317 2425 cur
347 2396 453 2429 verba
483 2396 602 2440 longas
632 2396 752 2430 ducam
784 2407 846 2440 per
875 2397 1067 2440 ambages?
1097 2395 1294 2439 religiosum
1318 2396 1467 2442 principi
1489 2398 1688 2442 mysterium

255 2436 419 2481 explicat,
459 2441 699 2486 initiatumque
733 2446 768 2474 et
800 2441 992 2476 credentem
1024 2441 1193 2486 baptismo
1214 2440 1335 2485 tingit,
1372 2446 1408 2475 et
1429 2447 1548 2476 sancto
1571 2442 1688 2477 educit
1731 2451 1733 2453 ’

254 2480 392 2516 lavacro
416 2484 625 2520 incolumem.
671 2485 771 2528 (375)
794 2486 838 2518 ad
858 2486 989 2520 Christi
1011 2493 1128 2532 partes
1151 2486 1299 2520 accessit
1320 2487 1420 2520 etiam
1439 2486 1592 2530 Helena,
1614 2486 1687 2521 Sil-

258 2526 367 2559 vestri
389 2529 505 2563 verbis
526 2531 664 2574 edocta,
687 2531 836 2575 pastoris
854 2531 1001 2565 maximi.
1047 2532 1125 2576 ipsa
1145 2531 1307 2576 deinceps
1329 2531 1466 2566 Sionem
1489 2531 1547 2566 dei
1568 2532 1686 2566 urbem

258 2570 398 2615 invisit,
421 2585 553 2608 sacrum
574 2576 702 2620 lignum
722 2575 895 2619 vestigans
919 2575 1049 2620 crucis,
1073 2576 1190 2620 ibique
1213 2582 1250 2611 ut
1272 2577 1397 2622 templa
1418 2577 1582 2611 conderet
1602 2588 1685 2611 san-

259 2615 422 2651 ctissima.
469 2619 566 2662 (380)
594 2620 715 2665 religio
744 2625 862 2654 nostra
891 2621 1002 2654 crevit
1032 2633 1075 2655 ex
1098 2621 1163 2654 hoc
1189 2625 1341 2667 tempore
1363 2621 1549 2666 amplifice3
1582 2627 1687 2666 atque

259 2661 304 2694 ed
351 2661 444 2695 orbis
468 2668 488 2715 *ι
517 2666 650 2699 ervenit
690 2665 776 2699 fines
819 2665 1048 2711 apostolorum
1086 2665 1232 2700 salubris
1268 2666 1503 2712 praedicatio;
1541 2665 1618 2700 risit
1643 2677 1688 2701 ue

259 2716 323 2739 ver
354 2710 478 2751 tranqu
516 2719 568 2741 um
603 2709 837 2744 orthodoxiae.
882 2715 963 2744 tunc
989 2710 1115 2755 templa
1146 2711 1270 2756 passim
1293 2717 1434 2756 patuere
1456 2710 1628 2745 christion
1643 2710 1686 2754 ἰ,

260 2750 360 2795 (385)
394 2756 498 2797 atque
527 2754 635 2790 omnis
666 2766 727 2791 ara
757 2754 837 2791 fulsi
867 2755 977 2790 cultus
1008 2755 1156 2794 concidit
1185 2757 1320 2792 Christi
1348 2757 1476 2792 virtute
1499 2755 1627 2792 domini
1649 2760 1686 2792 et
