1786 3080
248 123 342 168 122
790 127 1139 174 EPHRAEMlUs

377 230 433 278 ὧν
452 238 518 278 καὶ
540 235 667 289 πύλας
685 238 805 295 ἤγαγε
825 239 926 296 πρός
945 243 1169 294 Βυζαντίδα

376 303 545 358 ἐχούσας
567 301 608 348 εὖ
626 307 763 362 τέχνης
784 325 826 350 τε
846 310 911 350 καὶ
932 311 1138 359 ποικιλίας.

377 374 443 414 καὶ
463 377 576 415 θεῖον
596 373 808 429 ἐκτύπωμα
824 378 1008 433 Χριστοῦ
1028 376 1220 420 δεσπότου

243 440 350 483 2775
375 438 500 496 εὓριὺν
517 440 677 500 κεράμῳ
694 445 984 499 προστυπωθ·ἑν
1005 445 1176 500 ἀτέχνως

375 509 417 559 ἐξ
430 506 685 564 Ἶεραπόλεως
701 510 840 561 ἄστεος
858 511 1013 567 Σύρων,

373 577 438 618 καὶ
452 574 677 633 βόστρυχόν
695 580 736 634 γ’
759 580 898 633 αἶ’,ιιατι
916 580 1247 637 συμπεφυρμένον

372 645 416 686 ἐκ
435 647 706 701 προδρομικῆς
725 644 853 703 κάρας
871 648 1176 702 ἀνειλημμένον,

371 711 595 766 ἀνακομίζει
616 714 716 770 πρὸς
739 713 853 757 πόλιν
873 718 1076 769 βασιλίδα.

238 782 348 823 2780
370 781 435 821 καὶ
461 779 636 838 φρούρια
654 785 816 825 πλεῖστα
839 784 883 825 δὲ
903 787 981 826 τῶν
1003 785 1187 826 ἐναντίων

371 845 505 903 κράτει
523 849 773 901 καθυπέταξε
789 855 860 905 τῆς
875 849 1106 905 Ῥωμαΐὸος.

369 917 434 957 καὶ
453 921 579 959 ταῦτα
598 918 671 970 μὲν
692 917 883 961 κάλλιστα
902 916 1254 976 κατορθωμάτων·

367 982 469 1038 πλὴν
489 987 603 1027 τοῦδε
624 986 809 1042 λαμπρὸν
825 985 1045 1039 ἕπισκιάζον
1065 985 1143 1039 εἶχέ
1158 1004 1195 1027 τι
1205 1018 1219 1037 ,

364 1050 507 1106 ἥττητο
521 1051 740 1107 χρημάτων
757 1071 798 1095 τε
816 1055 883 1095 καὶ
897 1053 1178 1111 χρυσαργῦρου
1190 1085 1204 1104 ‚

230 1119 340 1162 2785
364 1120 580 1162 κάντεῦθεν
600 1123 654 1170 εἷς
675 1121 701 1162 ἃ
723 1121 780 1175 μὴ
802 1121 891 1163 δέον
908 1123 1153 1179 παρακλίνας

364 1190 533 1241 ὁάσμοΐς
551 1205 591 1230 τε
616 1196 765 1239 καινοῖς
786 1187 1043 1246 κατατρύχων
1065 1191 1130 1232 καὶ
1151 1186 1293 1244 φόροις

360 1253 535 1309 ὖπήκοον
553 1260 630 1298 πᾶν
651 1263 737 1298 ταῖν
754 1263 888 1314 χεροῖν
906 1262 983 1300 τῶν
1003 1254 1257 1314 πρακτόρων,

361 1321 487 1379 ὤφθη
506 1324 673 1378 μισητὸς
691 1330 788 1367 πᾶσι
809 1326 873 1367 καὶ
894 1332 976 1375 τοῖς
995 1327 1036 1367 ἐν
1055 1326 1174 1374 τέλει,

360 1392 424 1432 καὶ
444 1395 597 1444 μᾶλλον
622 1389 682 1442 οἷς
701 1391 825 1447 ἔθιμα
847 1397 918 1447 τῆς
937 1394 1144 1448 ἐκκλησίας

227 1459 337 1501 2790
357 1458 585 1514 ἀνατρέπειν
605 1459 764 1502 ἔσπευδε
787 1463 852 1502 καὶ
871 1465 1003 1510 κακῶς
1022 1459 1140 1512 λύειν,

357 1525 524 1582 ψήφους
540 1526 641 1583 πρὸς
657 1525 777 1570 αὑτὸν
795 1527 944 1570 ἓλκῦων
960 1525 1192 1580 ἐπισκόπων,

359 1595 424 1635 καὶ
444 1598 499 1651 τῷ
518 1598 666 1652 ταμείῳ
683 1596 867 1650 ποιμένος
882 1594 1118 1650 τεθνηκότος

356 1661 407 1703 τὰ
429 1662 604 1716 πτωχικὰ
627 1661 844 1719 πράγματα
867 1667 938 1718 τῆς
963 1664 1170 1718 ἐκκλησίας

356 1730 623 1786 συνεισφέρειν
644 1732 724 1772 δεῖν
742 1733 938 1781 θεσπίσας
957 1729 1211 1788 παρανόμως.

220 1801 329 1841 2795
353 1797 425 1851 οὐχ
444 1791 561 1851 ἧττον
583 1798 740 1852 ἐξέμηνε
763 1797 914 1849 πάντας
933 1799 1034 1856 πρὸς
1050 1806 1168 1852 μῖσος

352 1864 398 1907 τὸ
416 1864 510 1906 κατ’
531 1867 676 1908 ἐκείνου
697 1873 822 1921 τεῖχος
834 1865 1116 1924 ὓπερῃρμένον,

354 1931 378 1974 ὃ
398 1931 594 1976 κυκλόθεν
615 1934 766 1988 τέτευχε
788 1942 871 1985 τοῖς
891 1933 1146 1992 ἀνακτόροις,

433 2038 523 2074 2774
542 2037 698 2083 τύπωμα
723 2040 754 2073 V
840 2040 930 2075 2783
951 2039 1003 2084 τῷ
1025 2040 1175 2085 λαμπρῷ
1197 2035 1236 2083 γ’
1252 2038 1272 2073 7
1360 2039 1448 2075 2791
1470 2038 1600 2083 ψῆφος
1616 2039 1647 2071 V

215 2139 283 2172 que
305 2127 573 2172 Mopsuesfiam,
601 2140 742 2173 quarum
774 2130 876 2164 etiam
907 2136 1023 2175 portas
1054 2129 1256 2172 Byzantium
1286 2127 1482 2171 transtulit,
1520 2127 1646 2171 insigni

217 2181 292 2208 arte
315 2182 351 2207 et
374 2174 468 2207 vario
491 2176 662 2219 perfectas
686 2187 803 2220 opere.
859 2176 1009 2209 divinam
1033 2186 1169 2220 quoque
1193 2173 1323 2207 Christi
1345 2173 1472 2206 domini
1496 2173 1645 2216 effigiem

216 2220 340 2263 (2775)
361 2220 450 2254 haud
473 2231 573 2254 manu
594 2221 718 2254 factam
743 2226 779 2254 et
799 2221 835 2254 in
859 2220 924 2254 olla
945 2221 1118 2254 inventam
1145 2220 1311 2263 Syrorum
1344 2229 1387 2251 ex
1411 2219 1496 2252 urbe
1521 2219 1644 2252 Hiera-

216 2265 308 2309 poli,
340 2265 524 2310 capillique
553 2271 683 2310 partem
717 2272 909 2299 concretam
931 2265 1113 2309 sanguine,
1150 2277 1169 2298 e
1191 2264 1425 2309 praecursoris
1447 2263 1561 2309 capite
1582 2264 1644 2297 de-

215 2316 402 2354 sumptam,
433 2312 475 2344 ad
510 2313 628 2345 urbem
655 2310 786 2354 regiam
817 2311 1004 2345 transtulit.
1052 2311 1175 2355 (2780)
1203 2310 1299 2343 locos
1327 2320 1464 2353 quoque
1496 2308 1644 2343 munitos

213 2354 362 2389 hostium
396 2355 557 2400 plurimos
589 2357 816 2391 Romanorum
847 2357 983 2400 redegit
1015 2356 1052 2390 in
1096 2354 1277 2389 dicionem.
1325 2360 1360 2387 et
1392 2354 1476 2388 haec
1506 2354 1643 2398 quidem

213 2399 394 2443 splendide
425 2403 469 2436 ab
500 2414 541 2435 eo
573 2408 652 2436 sunt
679 2402 785 2435 facta.
831 2412 948 2435 verum
979 2401 1078 2435 huius
1108 2400 1193 2434 lucis
1221 2399 1402 2433 nonnullae
1424 2406 1522 2434 eraut
1544 2405 1640 2432 tene—

214 2445 316 2478 brae:
343 2447 508 2490 pecuniae
531 2448 709 2481 laborabat
730 2446 930 2491 cupiditate,
963 2447 1083 2490 (2785)
1106 2451 1356 2489 proptereaque
1382 2446 1426 2478 ab
1449 2456 1557 2489 aequo
1578 2445 1640 2478 de-

213 2489 344 2524 clinans
366 2491 459 2536 iure,
493 2504 656 2526 novorum
678 2492 880 2526 tributorum
907 2492 1060 2526 molestia
1083 2491 1260 2536 imposita,
1288 2497 1506 2534 quaestorum
1531 2489 1639 2523 mani-

213 2535 278 2568 bus
301 2537 455 2570 subditos
478 2539 638 2572 vexabat.
662 2538 739 2571 hinc
763 2536 855 2581 plebi
878 2542 914 2572 et
936 2537 1157 2582 optimatibus
1181 2548 1304 2570 exosus
1328 2542 1414 2580 erat,
1438 2534 1638 2579 praesertim

212 2581 294 2625 quia
317 2593 463 2615 canones
486 2584 653 2617 ecclesiae
674 2583 796 2627 (2790)
820 2595 883 2628 per
905 2582 1015 2616 scelus
1036 2581 1168 2616 violare
1191 2582 1326 2615 molitus
1350 2587 1422 2623 est,
1456 2580 1637 2625 episcopo-

211 2637 284 2660 rum
308 2627 439 2670 aliquot
457 2629 634 2672 suffragiis
656 2628 780 2673 captis.
826 2639 946 2673 nempe
967 2629 1010 2662 ad
1031 2627 1161 2671 regium
1185 2627 1352 2660 aerarium
1376 2626 1535 2659 defuncto
1561 2625 1636 2669 epi-

211 2683 317 2716 scopo
341 2684 424 2716 opes
447 2674 624 2716 ecclesiae,
647 2672 852 2719 pauperibus
874 2674 1020 2716 debitas,
1043 2673 1160 2716 iniqua
1185 2672 1262 2716 lege
1283 2671 1486 2705 deserendas
1508 2669 1634 2704 sanxit.

209 2718 334 2761 (2795)
357 2728 420 2750 nec
442 2718 551 2752 minus
575 2719 644 2753 odii
667 2718 792 2763 publici
812 2719 966 2752 incendit
986 2719 1151 2752 flammam
1173 2717 1320 2751 excitata
1340 2717 1432 2750 iussu
1452 2716 1525 2750 eius
1548 2714 1635 2748 muri

209 2762 314 2798 moles
342 2762 486 2809 insignis
518 2764 730 2800 celsitudinis
763 2769 799 2799 et
829 2764 941 2809 magni
969 2764 1135 2808 ambitus,
1173 2773 1262 2808 quae
1292 2761 1453 2808 palatium
1485 2760 1635 2805 undique
