1786 3080
245 122 310 172 94
787 127 1139 174 EPHRAEMIUS

377 237 534 298 ὕφαλος
553 237 653 297 ἀνήρ
662 272 675 292 ,
709 239 992 297 ὀργιλώτατος,
1027 242 1164 299 φέναξ,

378 314 496 363 μῆνιν
516 307 666 351 ἓναύων
687 313 742 360 εἷς
762 309 1041 367 φρυκτώρησιν
1063 309 1224 360 πάθους

381 379 445 418 καὶ
468 375 816 435 καταπυρπόλησιν
839 376 898 428 οἷς
918 379 1015 435 ἕδρα
1030 378 1168 433 χόλον,

381 444 478 498 ὄψις
498 443 661 501 στυγνός
680 463 761 498 τις,
796 447 992 504 συννεφὴς
1013 447 1086 496 τὰς
1103 444 1274 503 ὀφρύας,

247 515 357 558 2035
381 513 547 564 ἄπιστος
564 508 693 568 ἦθος,
726 516 902 564 ποικίλος
915 515 1160 569 χαμαιλέων,

381 580 503 624 κακόν
522 598 559 623 τι
579 582 780 638 τερμέριον
800 583 972 636 εὐσεβῶν
991 584 1134 640 στίφει,

378 650 510 706 βαρὺς
529 651 726 704 κολαστὴς
747 651 872 706 μικρὰ
894 648 1243 707 προσκεκρουκόσι,

379 724 461 766 τοῖς
481 725 769 774 προσκυνηταῖς
790 717 937 768 εῗκόνος
958 721 1142 775 Χριστοῦ
1165 718 1305 762 πλέονα,

379 785 481 839 πλὴν
498 786 598 842 πρὸς
616 785 751 840 μάχας
766 781 815 840 ἦν
831 785 1041 843 γεννάδας,
1074 788 1302 841 τολμητιάς,

246 855 355 898 2090
375 852 627 909 θυμουργός,
662 853 774 906 ὀξύς,
809 856 964 910 ἆρεΐκὸς
984 853 1191 906 καθάπαξ,

379 926 519 963 κοινῶν
539 939 579 964 τε
601 924 792 977 διοίκησιν
811 918 854 965 εὖ
871 923 1109 977 ἠσκημένος·

378 992 444 1031 καὶ
468 990 544 1046 γὰρ
566 989 812 1046 στρατεύσας
830 991 933 1033 κατὰ
953 993 1115 1033 ,Μυσῶν
1133 986 1356 1046 βαρβάρων

378 1056 699 1114 κατατρεχόντων
715 1063 789 1114 γῆς
806 1057 926 1114 ὅρους
939 1057 1166 1113 Ῥωμα“ί“δος

380 1126 592 1182 περιφανὲς
613 1124 804 1182 τρόπαιον
823 1127 915 1186 ἱστᾷ
933 1128 998 1168 καὶ
1019 1128 1143 1181 νίκην,

247 1193 358 1236 2095
382 1195 490 1235 λείαν
510 1196 670 1236 Μυσῶν
691 1196 779 1244 θεὶς
796 1193 847 1236 τὰ
867 1195 970 1236 κατὰ
987 1199 1116 1252 σφᾶς,
1143 1191 1198 1243 ὥς
1218 1191 1348 1248 λόγος.

381 1261 481 1318 πρὸς
500 1261 543 1302 δ’
568 1257 618 1303 αὖ
643 1263 797 1322 δικαίου
817 1264 882 1303 καὶ
903 1262 1034 1316 νόμων
1050 1257 1100 1317 ἦν
1119 1279 1178 1313 τις
1195 1260 1341 1319 φύλαξ,

379 1329 594 1385 πράγματα
614 1328 788 1384 δημόσια
806 1334 937 1380 καλῶς
956 1331 1120 1373 διέπων·

382 1398 428 1438 οὐ
445 1395 665 1453 χρημάτων
684 1397 762 1454 γὰρ
786 1398 926 1448 ὠνίους
943 1399 1160 1453 ἐθναρχίας

380 1464 407 1518 ἢ
430 1464 641 1519 ταγμάτων
661 1482 704 1520 γε
726 1467 935 1521 προυτίθει
958 1467 1208 1521 στρατηγίας,

248 1534 356 1574 2100
380 1532 403 1586 ἢ
429 1534 563 1582 κοινὰς
586 1533 715 1588 ἀρχὰς
736 1531 977 1587 πραγμάτων
1000 1521 1041 1574 τε
1066 1535 1283 1589 ([-ροντίδας

382 1599 572 1656 ἀνδράσιν
591 1599 695 1654 ὑπῆν
713 1601 770 1653 μὴ
790 1599 986 1656 πεφυκόσι
1005 1601 1147 1654 νέμων,

379 1667 511 1717 πάσας
532 1669 576 1709 δὲ
594 1669 721 1717 τιθεὶς
740 1667 813 1709 σὺν
833 1666 937 1725 λόγῳ
956 1685 996 1710 τε
1017 1670 1082 1710 καὶ
1103 1669 1228 1724 κρίσει

379 1736 636 1792 ἀρχαιρεσίας
655 1737 722 1777 καὶ
745 1734 954 1789 διοικήσεις
974 1735 1091 1777 ὅλων.
1202 1725 1205 1731 ¹

380 1803 530 1853 wig-(5²
552 1802 749 1859 ἁρπαγαῖς
763 1804 977 1859 χαίροντας
997 1802 1120 1859 εἶργεν
1140 1800 1332 1856 ἐννόμως·

246 1874 356 1914 2105
382 1874 445 1913 καὶ
469 1870 546 1927 γάρ
569 1872 660 1913 ποτ’
687 1871 834 1926 ἀνδρὸς
853 1871 1027 1927 γαμετὴν
1046 1869 1282 1913 πενεστάτου

379 1944 457 1981 τῶν
479 1939 583 1990 τινὸς
601 1937 855 1992 ἁρπάσαντος
872 1938 1167 1994 εὐγενεστάτων,

381 2003 462 2050 ἐπεὶ
485 2007 659 2063 τιμωρὸς
678 2002 785 2048 ὦπτο
806 2008 908 2062 μηδ’
934 2006 1035 2057 ὅλως
1051 2004 1181 2048 κλύων

247 2136 475 2182 apostasiam3
498 2135 661 2171 subdolus
683 2135 804 2179 homo,
828 2135 1035 2178 iracundus,
1056 2135 1179 2177 fallax,
1202 2133 1391 2168 confovens
1413 2134 1499 2169 iram
1524 2133 1568 2168 ad
1591 2134 1689 2169 obsi-

247 2183 393 2217 dendum
416 2183 562 2226 facinus,
583 2183 627 2216 ad
645 2182 906 2215 consumendum
927 2192 1012 2225 quos
1034 2181 1112 2214 odio
1132 2181 1289 2222 haberet,
1312 2184 1392 2212 trux
1409 2180 1514 2223 vultu,
1538 2181 1688 2216 adducto

247 2228 358 2262 tristis
391 2228 596 2273 supercilio,
630 2228 755 2270 (2085)
783 2227 898 2260 infidis
929 2226 1100 2268 moribus,
1131 2225 1249 2258 varius
1277 2224 1513 2269 chamaeleon,
1547 2225 1688 2259 noxium

248 2273 380 2317 piorum
421 2273 533 2308 coetui
573 2278 788 2319 portentum,
834 2271 952 2315 gravis
981 2271 1156 2316 culparum
1187 2269 1311 2303 levium
1342 2271 1500 2314 punitor,
1543 2270 1688 2305 maxime

247 2318 278 2352 si
320 2319 397 2362 quis
431 2318 565 2353 Christi
601 2324 720 2363 typum
757 2316 912 2358 coleret3
957 2316 993 2349 in
1030 2316 1155 2361 pugnis
1186 2321 1300 2349 tamen
1332 2316 1521 2358 animosus,
1562 2316 1688 2358 audax,

247 2364 374 2407 (2090)
396 2370 596 2409 promptus,
618 2369 799 2405 actuosus,
822 2362 1009 2396 mavortius
1032 2361 1182 2403 affatim,
1211 2361 1263 2393 rei
1286 2371 1422 2406 quoque
1446 2361 1604 2405 publicae
1629 2371 1688 2394 re-
1715 2382 1717 2384 -

250 2410 382 2451 gendae
422 2411 586 2455 prudens.
641 2408 697 2443 hic
734 2408 837 2441 armis
877 2406 1021 2450 sumptis
1060 2411 1179 2440 contra
1221 2406 1359 2440 Moesos
1396 2408 1584 2449 barbaros,
1628 2405 1690 2450 qui

249 2454 423 2488 Romanas
453 2462 564 2490 terras
594 2454 833 2497 incursabant,
867 2458 1045 2497 tropaeum
1075 2451 1211 2495 insigne
1238 2457 1317 2495 post
1345 2451 1523 2486 victoriam
1550 2450 1688 2494 struxit,

253 2499 378 2540 (2095)
402 2500 520 2543 spoliis
545 2500 686 2544 opimis,
717 2504 755 2532 ut
775 2499 889 2540 aiunt,
920 2497 1051 2531 relatis.
1098 2497 1181 2530 iusti
1211 2503 1390 2541 praeterea
1420 2497 1598 2541 legumque
1625 2506 1688 2529 cu·

251 2549 323 2576 stos
348 2545 516 2587 publicam
539 2557 610 2580 rem
633 2544 810 2590 praeclare
833 2544 1023 2587 dirigebat3
1058 2553 1170 2586 neque
1192 2542 1331 2575 venales
1354 2543 1466 2587 pretio
1489 2542 1689 2586 praefectu-

249 2599 308 2621 ras
331 2589 384 2622 vel
411 2590 575 2624 militares
601 2589 726 2624 obtulit
747 2589 909 2631 ducatus,
937 2589 1061 2632 (2100)
1088 2599 1199 2631 neque
1222 2587 1342 2622 civiles
1364 2588 1445 2622 item
1469 2587 1689 2630 magistratus

248 2633 336 2667 viris
359 2636 528 2669 commisit
549 2636 678 2670 muneri
701 2634 850 2679 ineptiS,
884 2634 946 2667 sed
977 2644 1050 2667 cum
1074 2634 1208 2667 ratione
1233 2639 1398 2677 rectoque
1419 2631 1547 2666 iudicio
1570 2630 1690 2664 officia

249 2679 411 2713 attribuit
434 2686 468 2714 et
490 2682 762 2725 procurationes.
809 2685 966 2723 raptores
990 2685 1102 2712 autem
1124 2678 1258 2722 legibus
1277 2678 1449 2712 coercuit:
1474 2677 1595 2721 (2105)
1612 2685 1690 2709 nam
1736 2716 1742 2725 “

250 2730 286 2758 et
308 2735 447 2758 uxorem
470 2726 538 2759 viri
562 2725 770 2772 pauperrimi
793 2736 867 2759 cum
885 2735 1031 2758 summas
1049 2724 1186 2768 quidam
1202 2723 1270 2757 sibi
1286 2723 1508 2765 vindicasset,
1529 2720 1689 2766 quoniam

248 2770 445 2815 praefectus
479 2771 569 2806 haud
601 2771 760 2807 admissis
793 2769 952 2815 precibus
983 2775 1052 2804 tam
1081 2769 1261 2804 scelestum
1284 2768 1418 2803 facinus
1442 2778 1510 2802 non
1533 2766 1691 2801 vindica-
