1786 3080
195 127 288 173 198

743 130 1094 177 EPHRAEMIUS

327 238 439 296 λόγοι
460 243 670 298 προῆλθον
690 241 731 293 ἔξ
752 240 941 301 ἑκατέρου
959 243 1108 301 με’ρους

190 307 301 351 4740
326 308 593 365 ἀντιφατικῶς
613 309 881 367 ἄντερίζοντος
900 310 1054 367 λόγοις·

326 381 379 434 τῇ
398 378 589 433 κρείττονι
610 375 707 434 δόξῃ
728 379 771 422 δὲ
789 380 1126 436 προστεθειμένον

325 447 391 487 καὶ
413 450 586 502 πατρικῇ
602 444 796 490 κάλλιστα
814 452 887 490 τοῦ
902 449 1101 502 βασιλέως

324 514 618 569 καθῃρέθησαν
638 514 747 570 ἱερᾶς
767 517 1013 571 λειτουργίας

323 579 468 637 ἄνδρες
483 580 651 637 λογάδες
669 586 833 626 λευιτῶν
852 584 1076 638 ἐκκλησίας,

189 644 299 691 4745
323 648 558 706 ἄντίφρονες
576 651 779 703 μείναντες
799 650 1113 708 ἀνεπιστρόφως,

324 715 558 773 Σωτήριχός
575 735 636 767 τις
654 717 928 775 Παντεύγενος
948 720 1177 773 τοῦπίκλην,

324 788 448 828 τελῶν
466 783 705 843 ὖποψήφιος
719 787 973 841 Ἀντιοχείας,

322 850 557 903 Εὖστάθιος
575 852 772 912 πρόεδρος
784 855 1067 910 Ἐπιδαμνίων,

324 919 346 963 ὃ
371 925 451 964 τῶν
477 921 691 965 Θετταλῶν
711 923 886 978 Μιχαὴλ
905 922 1039 980 ῥήτωρ
1059 920 1163 974 τότε,

189 986 300 1031 4750
323 990 390 1031 καὶ
413 987 647 1044 Βασιλάκης
658 1021 671 1042 ,
706 995 786 1033 τῶν
808 996 947 1048 σοφῶν
967 989 1140 1034 Παύλου
1163 987 1292 1047 λόγων

325 1055 570 1108 διδάσκαλός
589 1074 650 1108 τις
666 1057 872 1114 τυγχάνων
892 1061 958 1102 καὶ
978 1060 1147 1112 λευίτης.

321 1124 425 1179 μετὰ
443 1126 486 1168 δὲ
502 1124 758 1180 λυκάβαντας
776 1122 893 1177 οὗτος
909 1126 930 1169 ὃ
947 1125 1110 1183 κράτωρ

324 1192 446 1249 ῥητὸν
465 1196 672 1250 προτιθεὶς
692 1197 747 1244 εἷς
769 1193 985 1246 ἀνάπτυξιν
1004 1192 1139 1245 πάλιν,

326 1259 351 1303 ὃ
376 1260 572 1316 δεσπότης
594 1261 721 1319 εἴρηκε
743 1268 870 1321 καιρῷ
889 1268 960 1306 τοῦ
981 1260 1157 1312 πάθους,

193 1324 304 1371 4755
323 1326 495 1383 ι(μείζων
514 1331 614 1383 ἐμοῦ
631 1330 783 1388 πέφυκε.
804 1329 937 1388 πατήρ
960 1330 1071 1385 μου”
1100 1330 1239 1386 λέγων,

409 1469 500 1506 4747
532 1470 684 1505 Wolfius
708 1470 884 1516 interpres
905 1470 1056 1517 Nicetae
1080 1468 1297 1512 choniatae,
1332 1469 1354 1504 7
1384 1470 1427 1514 5,
1461 1469 1551 1505 haud
1574 1469 1647 1505 scio

410 1527 455 1550 an
480 1516 709 1561 significatum
732 1516 944 1551 intellexerit
964 1515 1125 1550 vocabuli
1147 1511 1386 1558 ὑποψήφιος,
1420 1516 1511 1560 quod
1535 1521 1649 1551 tamen

410 1561 562 1607 explicat
594 1563 766 1606 Gangius,
800 1563 906 1596 citato
937 1561 1015 1606 ipso
1047 1565 1165 1594 nostro
1188 1559 1422 1605 Ephraemio,
1456 1561 1553 1596 cuius
1575 1562 1648 1595 fra·

407 1614 548 1651 gmenta
570 1607 703 1651 legerat
724 1608 815 1652 apud
838 1607 1010 1641 Allatium.
1042 1616 1162 1640 rursus
1183 1605 1274 1640 idem
1297 1606 1490 1641 nescivisse
1511 1607 1651 1641 videtur

410 1652 619 1697 Theopolim
645 1664 721 1686 esse
743 1652 962 1686 Antiochiam
986 1652 1108 1696 ipsam.
1133 1662 1241 1695 quare
1265 1652 1372 1685 verba
1392 1649 1412 1686 ὁ
1430 1649 1651 1696 ’ὑποψήφιος

412 1697 481 1740 τῆς
502 1697 599 1732 θεοῦ
623 1695 764 1737 πόλεως
786 1695 942 1740 μεγάλης
961 1694 1174 1740 Ἀντιοχείας
1197 1695 1410 1740 Σωτήριχος
1434 1694 1455 1732 ὁ
1480 1697 1651 1732 Hausi-

409 1753 527 1787 γενος,
551 1743 660 1776 vertit
682 1743 931 1787 Hyposepkius
956 1741 1246 1787 Theopolitcmtw,
1271 1742 1474 1777 soterichus
1491 1743 1652 1777 Panteu-

410 1799 531 1833 genu-s
549 1789 800 1833 Antiochenus,
825 1789 924 1834 quasi
947 1788 1195 1832 Hyposcplu‘us
1217 1787 1394 1833 proprium
1416 1800 1540 1822 nomen
1559 1793 1654 1823 esset

411 1834 483 1867 viri
509 1833 776 1878 Theopolitani,
801 1840 837 1868 et
858 1833 996 1878 quidem
1020 1833 1151 1868 diversi
1174 1844 1196 1867 a
1217 1833 1400 1867 Sotericho
1420 1833 1651 1868 Antiocheno.

412 1879 561 1913 Allatius
593 1885 707 1914 tamen
734 1885 856 1913 contra
878 1879 1050 1923 Creyght.
1074 1890 1110 1923 p.
1135 1878 1202 1912 526
1223 1878 1333 1912 officii
1355 1890 1480 1913 nomen
1502 1879 1651 1914 retinet:

413 1925 623 1958 Antiochiae
652 1925 908 1971 layposephius,
942 1925 1032 1959 sicut
1062 1924 1145 1958 alibi
1174 1919 1318 1963 ὕπατος
1343 1924 1494 1960 vertitur
1523 1926 1567 1959 ab
1591 1937 1653 1959 eo-

413 1970 490 2004 dem
513 1971 683 2014 hypat-us.
731 1976 848 2006 exstat
880 1975 995 2005 autem
1028 1969 1066 2004 in
1092 1969 1171 2004 cod.
1195 1969 1279 2003 vat.
1301 1970 1393 2004 2146
1414 1981 1451 2014 p.
1478 1971 1543 2005 124
1564 1970 1652 2003 scri-

413 2022 508 2060 ptum
549 2016 718 2051 Demetrii
757 2015 907 2051 Gemisti
941 2011 1044 2056 ὅπως
1076 2011 1098 2048 ὁ
1133 2012 1357 2058 ’ὑποψήφιος
1387 2015 1440 2054 εἰς
1470 2013 1514 2049 τὸ
1547 2011 1654 2059 ἅγιον

415 2059 614 2103 εἰσέρχεται
638 2061 750 2105 βῆμα.
777 2061 829 2095 Μ.
1045 2060 1136 2095 4750
1159 2071 1287 2104 ergone
1308 2059 1346 2093 in
1370 2062 1457 2094 urbe
1480 2060 1654 2104 Byzantio

412 2107 579 2141 cathedra
613 2107 682 2141 fuit
711 2106 974 2151 interpretando
1006 2105 1114 2140 Paulo
1145 2106 1342 2150 occupata?
1388 2106 1469 2139 hinc
1490 2106 1657 2140 videlicet

412 2155 467 2186 tot
488 2152 708 2186 Paulinarum
734 2151 956 2197 epistularum
981 2150 1111 2186 Graeci
1134 2149 1368 2185 commentarii
1383 2151 1419 2184 in
1435 2150 1656 2185 bibliothecis

415 2207 486 2230 mss
509 2198 610 2231 nobis
633 2203 832 2231 occurrunt.
855 2197 908 2230 M.
1125 2196 1215 2230 4755
1238 2196 1339 2229 huius
1362 2196 1416 2230 rei
1437 2207 1543 2230 causa
1562 2196 1655 2231 cele-

413 2243 548 2276 bratum
580 2242 760 2277 concilium
785 2244 976 2286 Graecum,
1016 2240 1184 2275 hactenus
1207 2241 1395 2286 ineditum,
1432 2253 1498 2287 ego
1533 2241 1655 2288 proclo

415 2287 484 2322 iam
506 2287 653 2323 subieci.
675 2288 727 2322 Μ.

201 2411 300 2452 parte
324 2408 452 2454 (4740)
475 2410 555 2446 dum
576 2421 674 2446 suum
697 2409 845 2455 quisque
867 2411 1047 2455 oppugnat
1070 2406 1320 2443 adversarium.
1354 2420 1498 2454 cumque
1520 2407 1657 2444 meliori

201 2454 365 2489 calculum
388 2457 558 2491 adiiceret
579 2462 714 2502 patrum
738 2455 944 2499 sententiae,
969 2460 1008 2488 ut
1029 2466 1092 2500 par
1113 2459 1200 2498 erat,
1223 2454 1375 2498 Caesar3
1396 2467 1496 2490 sacro
1519 2455 1656 2500 depulsi

201 2505 282 2532 sunt
305 2501 497 2537 ministerio
520 2502 591 2536 viri
612 2501 792 2548 praecipui
814 2501 851 2535 in
875 2500 1045 2535 ecclesiae
1068 2500 1208 2544 officiis,
1229 2499 1353 2543 (4745)
1376 2500 1437 2545 qui
1459 2501 1657 2545 pertinaces

204 2543 240 2577 in
263 2548 436 2581 sententia
459 2551 675 2592 manserant,
703 2546 905 2580 Soterichus
928 2546 1085 2591 quidam,
1112 2545 1216 2590 vulgo
1239 2546 1502 2590 Panteugenus‚
1532 2545 1655 2580 Antio-

201 2590 332 2624 chenus
355 2592 486 2627 electus
506 2593 710 2638 episcopus3
733 2592 815 2626 item
840 2591 1045 2626 Eustathius
1067 2591 1239 2635 Epidauri
1261 2591 1416 2635 praesul,
1441 2596 1478 2626 et
1499 2591 1657 2624 Thessa-

202 2635 311 2669 lorum
334 2636 486 2672 Michael
508 2644 591 2673 tunc
612 2639 753 2681 rhetor,
785 2637 907 2680 (4750)
934 2649 975 2671 ac
997 2637 1174 2671 Basilaces
1195 2636 1403 2682 sapientium
1425 2636 1525 2671 Pauli
1546 2636 1658 2670 inter-

202 2692 282 2726 pres
305 2680 483 2716 literarum
507 2696 548 2718 ac
570 2684 691 2718 levita.
717 2686 798 2728 post
818 2694 926 2716 annos
950 2682 1083 2727 aliquot
1105 2682 1193 2716 idem
1215 2682 1401 2716 monarcha
1417 2681 1508 2716 aliud
1524 2693 1656 2738 propo-

201 2726 272 2761 suit
294 2727 534 2771 explicandum
559 2730 686 2764 thema.
715 2727 871 2762 dominus
893 2727 983 2760 dixit
1006 2727 1178 2773 passionis
1202 2732 1359 2772 tempore
1381 2726 1510 2771 (4755)
1549 2726 1657 2760 maior

201 2783 256 2807 me
281 2780 383 2817 pater
408 2771 499 2809 est.''
547 2780 618 2810 tum
642 2786 762 2822 parum
784 2784 908 2808 curans
932 2774 1064 2808 Caesar
1087 2773 1154 2809 iam
1179 2773 1336 2819 cognitas
1357 2778 1494 2818 patrum
1514 2778 1655 2807 senten—
