1786 3080
251 122 348 168 330
797 124 1148 170 EPHRAEMIUS

379 239 445 280 καὶ
466 236 669 279 Amnum}
685 236 815 294 χωρία
835 255 876 281 τε
898 239 964 280 καὶ
985 236 1120 290 πόλεις

381 303 517 356 αὖτοῖς
537 307 681 348 διεῖλον
696 307 764 348 καὶ
781 306 973 360 κατέσχον
991 305 1170 362 ἀμάχως.

249 374 357 417 8195
379 374 429 416 τὰ
449 371 630 416 Μάδυτα
648 374 722 427 μέν
742 376 808 416 καὶ
827 373 1088 431 Χερρονήσου
1106 372 1254 426 πλάκα,

383 439 498 484 πόλιν
519 442 698 483 Καλλίου
717 442 790 484 σὺν
814 441 898 499 ὄρει
918 460 960 486 τε
978 448 1051 485 τοῦ
1080 442 1208 486 Γάνον

380 508 491 566 μάχῃ
514 507 790 564 παρεστήσατο
807 511 1002 566 προφθὰς
1017 509 1039 553 ὃ
1060 510 1235 567 κράτωρ,

380 573 427 618 οὗ
447 579 512 619 καὶ
532 576 646 619 πόλιν
671 577 796 619 ἔκτισε
820 579 921 634 πρὸς
938 577 1067 629 πόδας
1086 579 1229 636 ὄρους·

381 646 507 699 ἀρχῆς
526 646 567 686 δ’
592 643 712 701 ὅρους
730 644 868 700 ἔπηξεν
882 645 976 703 ἄχρι
999 650 1224 703 Μαρίτζης.

246 717 356 757 8200
374 713 425 756 τὰ
446 714 492 754 δ’
519 708 572 754 αὖ
594 713 686 756 κατ’
711 712 858 771 ἄρκτον
881 714 1189 770 προσνενευκότα
1210 716 1311 773 μέρη

379 782 621 837 κληρουχίαν
638 781 772 838 εἴληφε
794 781 1037 839 Βουλγάρων
1059 782 1171 833 ἄναξ.

328 860 340 869 *
377 851 443 891 καὶ
464 849 581 906 μέχρι
603 850 645 891 δ’
670 850 803 909 αὐτῶν
819 867 978 904 τειχεων
997 853 1240 902 Βυζαπίδος

378 917 544 967 ἄνακτες
564 916 690 975 ἄμφω
708 917 1045 973 προσπελάζουσιν
1061 918 1211 970 ὅπλοις,

378 987 442 1027 καὶ
466 985 606 1027 πτοίαν
627 988 714 1028 οἵαν
732 987 934 1029 ἔντιθοῦσι
955 987 1162 1037 Λατίνοις.
1226 1010 1229 1011 ’

246 1052 353 1095 820⁵
378 1051 563 1110 ἑκάτερος
588 1053 630 1095 δ’
655 1052 787 1096 ἔπειτα
807 1059 888 1097 τῶν
905 1055 1104 1108 βασιλέων

372 1125 567 1175 χειμῶνος
586 1119 834 1178 ὑπέστρεψεν
855 1124 909 1172 εἲς
931 1122 1190 1178 κραταρχίαν.

453 1187 503 1230 ‘0
520 1189 593 1242 μέν
615 1206 657 1244 γε
679 1188 892 1246 Θεόδωρος
908 1189 1077 1240 ἄνακτος
1095 1188 1225 1245 γόνος,

377 1254 525 1310 ἄνηβος
543 1256 598 1299 ὤν
618 1275 678 1307 τις
697 1259 763 1300 καὶ
784 1256 979 1308 νεώτατος
995 1257 1127 1314 φύσει,

379 1326 413 1365 εἴ
431 1326 496 1366 καὶ
519 1323 650 1381 συνῄει
669 1327 868 1380 μηδαμῶς
889 1343 931 1381 γε
948 1330 997 1382 τῇ
1016 1324 1129 1381 κόρῃ,

241 1392 351 1432 8210
375 1392 477 1445 πλὴν
495 1392 590 1434 ἀλλ’
621 1393 766 1448 ἀνῆκτο
789 1393 863 1436 σὺν
876 1393 1020 1450 ‘Eury
1041 1392 1197 1450 συζύγῳ

375 1460 475 1515 πρὸς
490 1462 699 1512 βασιλίδος
715 1461 887 1514 εὐμενῶς
904 1460 1171 1518 φιλοφρόνως.

373 1530 665 1582 μεταμεληθεὶς
689 1529 747 1579 δ’,
771 1527 826 1579 ὥς
844 1530 934 1582 ἐνῆν
954 1527 1180 1579 ἀπεικάσαι,

372 1595 444 1651 ἐφ’
473 1593 534 1645 οἷς
546 1596 668 1638 Ἀσὰν
687 1597 856 1652 δέδρακε
875 1596 975 1653 πρὸς
992 1596 1177 1649 βασιλέα,

374 1663 529 1712 στείλας
546 1663 646 1718 πρὸς
665 1663 786 1705 αὐτὸν
810 1664 1015 1719 ἔκλιπαρεῖ
1030 1663 1103 1705 σὺν
1120 1660 1227 1720 δόλῳ

240 1728 349 1771 8215
370 1730 479 1787 αὐτῷ
499 1734 692 1785 σταλῆναι
714 1731 786 1785 τὴν
804 1732 923 1787 φίλην
943 1730 1149 1786 θυγατέρα

372 1796 629 1854 προσρήσεώς
646 1815 687 1841 τε
709 1801 775 1840 καὶ
798 1799 918 1855 φίλης
935 1799 1038 1848 θέας
1057 1796 1177 1854 χάριν

373 1867 414 1907 ἐν
423 1866 634 1922 Ἀδριανοῦ
656 1871 706 1923 τῇ
725 1864 836 1909 πόλει
856 1866 1109 1923 σκηιόυμένῳ

371 1934 472 1987 μετὰ
496 1939 687 1991 στρατιᾶς
707 1939 774 1977 καὶ
799 1932 988 1977 συνεύνου
1009 1931 1216 1991 φιλτάτης,

453 2038 543 2074 8195
570 2037 818 2118 τόᾗῙΜοὶδυτα]
840 2040 907 2075 hoc
928 2051 1050 2075 nomen
1078 2051 1117 2075 v.
1138 2040 1226 2075 7981
1253 2039 1400 2074 effertur
1424 2038 1589 2084 singulari
1614 2050 1677 2074 nu—

451 2097 558 2121 mero.
642 2113 652 2123 .

236 2175 356 2209 labore
376 2176 500 2211 bellico
525 2175 741 2210 dividebant.
787 2176 911 2219 (8195)
943 2175 1088 2218 Madyta
1114 2175 1248 2220 quidem
1280 2180 1318 2209 et
1347 2178 1492 2209 tractum
1528 2175 1679 2209 Cherso-

239 2220 334 2263 nesi,
357 2222 491 2256 Ganum
515 2221 617 2255 etiam
638 2227 786 2255 montem
811 2227 846 2255 et
864 2221 1080 2267 Calliupolim
1103 2226 1206 2254 antea
1228 2226 1348 2254 noster
1366 2220 1455 2254 bello
1464 2220 1596 2254 Caesar
1618 2231 1678 2254 ce-

237 2273 349 2310 perat.
397 2267 560 2312 oppidum
591 2277 728 2311 quoqne
768 2267 811 2300 ad
842 2267 967 2301 montis
999 2267 1120 2312 pedem
1151 2271 1344 2308 struxerat,
1366 2266 1522 2310 finesque
1543 2265 1680 2310 imperii

235 2311 382 2354 protulit
412 2312 591 2346 Maritzam
623 2323 742 2356 usque.
790 2313 914 2355 (8200)
944 2323 1061 2345 verum
1091 2311 1252 2355 regiones
1282 2311 1435 2355 reliquas
1465 2312 1507 2344 ad
1530 2311 1678 2344 Boream

235 2356 321 2390 sitas
353 2368 416 2392 rex
446 2358 671 2402 Bulgarorum
700 2357 768 2391 sibi
800 2356 1003 2391 vindicavit.
1052 2357 1135 2401 quin
1164 2358 1252 2391 adeo
1274 2356 1468 2400 Byzantina
1502 2367 1610 2400 usque
1633 2356 1678 2389 ad

236 2401 369 2435 moenia
387 2415 462 2438 cum
483 2403 586 2437 armis
603 2403 702 2436 ambo
723 2413 825 2446 reges
842 2403 1160 2448 appropinquarunt
1175 2427 1185 2445 ‚
1205 2402 1412 2436 incutientes
1433 2401 1552 2436 mirum
1577 2400 1676 2435 Lati-

238 2446 290 2480 nis
315 2452 451 2486 metum,
498 2449 623 2493 (8205)
653 2458 772 2481 verum
801 2448 952 2482 instante
985 2449 1093 2481 hieme
1123 2458 1186 2480 rex
1210 2453 1355 2492 uterque
1377 2446 1413 2480 iu
1435 2458 1532 2480 snum
1555 2457 1675 2480 rever-

237 2502 294 2525 sus
319 2499 373 2526 est
392 2494 518 2528 deinde
548 2493 739 2538 imperium.

325 2538 397 2572 Iam
419 2539 625 2574 Theodorus
647 2538 864 2582 imperatoris
885 2538 999 2582 filius,
1022 2538 1178 2582 impubes
1205 2537 1315 2570 adhuc
1336 2541 1525 2580 teneraque
1547 2538 1675 2578 aetate,

235 2593 436 2629 quamquam
479 2584 613 2630 puellae
647 2583 794 2618 nondum
835 2584 979 2617 idoneus
1013 2590 1099 2626 erat,
1137 2583 1260 2626 (8210)
1293 2581 1531 2616 diver-sabatur
1560 2585 1675 2613 tamen

237 2638 311 2660 cum
344 2641 471 2674 sponsa
504 2629 638 2664 Helena
674 2628 765 2672 apud
804 2629 956 2672 reginam
989 2634 1130 2662 matrem
1163 2626 1437 2661 amantissimam.
1493 2624 1554 2658 sed
1585 2624 1674 2658 enim

237 2674 353 2718 Asan‚
386 2680 424 2708 ut
446 2675 588 2709 credere
621 2685 685 2719 par
707 2678 805 2715 erat,
842 2679 963 2717 gestae
995 2685 1069 2707 cum
1093 2678 1210 2706 nostro
1234 2673 1386 2706 Caesare
1409 2671 1460 2704 rei
1482 2669 1674 2713 paenitens,

236 2719 338 2754 misso
363 2719 477 2765 legato
500 2720 660 2773 precibus
682 2718 862 2753 fallacibus
885 2719 1008 2763 (8215)
1030 2719 1073 2752 ad
1103 2729 1141 2751 se
1165 2717 1283 2752 reduci
1313 2716 1416 2760 petiit
1438 2715 1540 2748 ffliam
1567 2725 1675 2757 suam,

235 2772 274 2801 ut
293 2763 368 2798 eius
389 2765 537 2810 alloquio
569 2771 604 2800 et
632 2765 714 2799 visu
744 2765 936 2808 frueretur,
982 2765 1094 2809 quoad
1118 2767 1316 2797 versaretur
1338 2762 1373 2795 in
1397 2760 1566 2795 Hadriani
1589 2760 1674 2795 urbe
