1786 3080
219 143 315 188 278
761 142 1114 188 EPHRAEMIUS

355 257 391 298 οἱ
411 257 484 309 μὲν
504 256 550 299 τὸ
572 257 709 300 λοιπὸν
728 255 956 312 ἀντιμάχων
976 257 1168 299 Λατίνιον

355 328 474 367 πλοῖα
497 325 682 381 φέροντες
701 325 833 369 ἱστᾶσι
852 326 930 382 πρὸ
949 325 1147 381 Πετρίων,

355 393 423 434 διὰ
444 391 577 435 κάλων
598 395 794 447 κλίμακας
815 393 978 447 ἴσχοντα
1001 393 1127 443 ξένας,

357 461 481 511 ἱστοῖς
502 461 603 518 πρὸς
620 461 729 516 ὕψος
748 462 936 515 εὐτέχνως
956 459 1246 515 συνὸουμένας·

221 530 332 571 6830
358 529 395 571 οἳ
416 530 459 571 δὲ
480 530 591 585 κριὸν
609 528 791 583 τεύχουσι
800 561 813 581 ,
846 527 1066 584 μηχάνημά
1086 547 1124 572 τι

356 597 637 654 καθαιρετικόν
653 598 810 652 τειχέων
827 595 1096 651 πολισμάτων,

356 664 487 722 κύκλῳ
506 664 810 722 περιστήσαντες
828 665 976 722 ἄνδρας
993 664 1156 714 ὁπλίτας

358 731 674 789 τζαγρατοξότας
691 736 747 784 εἷς
761 731 896 788 μάχην
917 732 1158 787 ἀντιμάχων.

357 803 421 844 καὶ
439 806 654 856 τηνικαῦτα
672 807 933 858 συγκροτοῢσι
951 802 1024 855 τὴν
1041 800 1176 856 μάχην

226 870 333 912 6835
360 867 413 920 ὦς
435 867 630 927 κρατεράν
653 887 694 912 τε
715 871 781 912 καὶ
802 867 1216 926 σφόδραφρικαλέαν.

359 936 380 979 ὃ
400 936 695 992 τειχεσιπλήτης
715 938 758 979 δὲ
778 938 888 994 κριὸς
905 937 1052 996 ῥᾳδίως

358 1004 496 1062 ἔρρηξε
518 1012 646 1060 τεῖχος
666 1006 767 1063 πρὸς
789 1004 1004 1048 θάλασσαν
1026 1005 1071 1048 τὸ
1094 1004 1254 1058 βλέπον,

355 1073 430 1116 κᾶν
449 1071 707 1130 ἀπεκρούσθη
726 1072 955 1128 συμμάχοις
971 1080 1054 1125 τοῖς
1069 1071 1282 1116 Αὐσόνων.

359 1143 510 1192 πλοίοις
531 1142 571 1184 δ’
599 1139 750 1192 ἐνόντες
771 1143 813 1184 ἐκ
836 1139 1039 1195 κλιμάκων
1059 1139 1222 1196 ὑψόθεν

225 1211 334 1253 6840
359 1210 529 1266 ἠφίεσαν
548 1211 690 1260 λίθους
707 1227 749 1253 τε
767 1211 931 1260 κοντοὺς
948 1211 1013 1252 καὶ
1035 1211 1130 1266 ξίφη

363 1277 511 1334 φύλαξι
530 1275 691 1334 πύργων
708 1279 775 1320 καὶ
794 1276 1017 1335 προμάχοις
1035 1278 1205 1331 τειχέων,

361 1349 428 1388 καὶ
453 1346 554 1402 πρὸς
576 1346 706 1402 φυγὴν
726 1346 936 1403 τρέπουσιν
957 1345 1103 1395 αὐτοὺς
1121 1345 1283 1406 ῥᾳδίως.

364 1414 501 1456 λοιπὸν
526 1418 716 1470 κρατοῦσι
740 1415 898 1467 τειχέων
921 1412 1210 1469 πυργωμάτων,

364 1485 430 1524 καὶ
452 1486 723 1539 πυρπολοῦσιν
745 1483 870 1532 οἰκίας
889 1483 1104 1538 ἱδρυμένας

234 1548 343 1591 6845
368 1550 410 1592 ἐκ
430 1554 509 1592 τῶν
527 1552 769 1606 Βλαχερνῶν
791 1551 831 1599 ἐς
851 1550 979 1603 μονὴν
1001 1550 1234 1604 Εὐεργέτου.

442 1617 556 1659 Ἰὃιὺν
577 1618 620 1659 δὲ
639 1615 875 1672 δυστύχημα
892 1618 1003 1659 τοῦτ’
1033 1617 1293 1675 αὐτοκράτωρ

368 1687 433 1726 καὶ
457 1685 629 1739 συνοχὴν
650 1682 807 1741 δάκρυα
827 1689 906 1726 τῶν
924 1683 1124 1739 ὑπηκόων,

368 1752 544 1808 μέμψεις
562 1753 606 1795 δὲ
621 1751 773 1795 τούτων
788 1753 1029 1807 εὐλαβηθεὶς
1046 1755 1111 1794 καὶ
1130 1755 1262 1806 πλέον,

367 1819 486 1874 μόλις
505 1819 668 1875 ὁπλίτης
688 1822 833 1876 γίνεται
853 1823 920 1863 καὶ
941 1821 1014 1863 σὺν
1035 1821 1122 1880 βίᾳ.

235 1888 346 1929 6850
368 1892 448 1931 τῶν
463 1890 676 1942 βασιλείων
697 1889 736 1930 δ’
758 1889 871 1939 ἐξιὼν
888 1886 1134 1943 ὡπλισμένος

370 1958 579 2007 πλείστους
599 1954 850 1999 ἐπεσπάσατο
869 1957 1079 2014 λαμπροὺς
1097 1957 1237 2008 ἱππέας

377 2027 442 2066 καὶ
465 2024 623 2079 πεζικὴν
644 2023 833 2081 φάλαγγα
854 2027 1040 2081 γενναίων
1059 2025 1170 2068 νέων.

243 2158 315 2187 stes
338 2152 375 2187 in
397 2153 504 2188 aciem
529 2155 701 2199 prodeunt
721 2158 827 2199 atque
849 2166 956 2190 naves
978 2159 1184 2200 promovent
1204 2163 1315 2199 usque
1333 2153 1376 2187 ad
1395 2152 1560 2197 Pettium,
1583 2162 1690 2198 gran-

243 2199 305 2232 des
329 2199 496 2234 habentes
519 2200 556 2233 in
580 2199 740 2234 antennis
764 2201 875 2235 scalas
900 2202 1038 2236 funibus
1059 2201 1218 2246 alligatas
1240 2204 1317 2234 arte
1332 2199 1429 2233 mira.
1454 2198 1581 2243 (6830)
1593 2198 1691 2232 arie—

243 2250 312 2278 tem
335 2245 396 2278 alii
417 2245 604 2280 machinam
627 2246 823 2290 obiectant,
856 2247 991 2281 solitum
1015 2248 1220 2280 urbanorum
1242 2244 1414 2289 flagellum
1437 2243 1624 2286 moenium,
1655 2247 1692 2277 et

245 2289 507 2336 circumponunt
539 2291 693 2325 homines
729 2292 936 2336 armigeros,
969 2292 1201 2334 ballistarioS,
1235 2291 1296 2334 qui
1328 2290 1462 2324 hostem
1488 2290 1690 2323 verberent.

245 2340 328 2369 tunc
351 2342 452 2369 atrox
474 2336 670 2371 exardescit
693 2336 736 2370 ad
760 2337 894 2371 moenia
918 2338 1052 2381 bellum,
1075 2337 1200 2381 (6835)
1216 2341 1349 2370 terrore
1367 2335 1514 2379 plenum,
1534 2333 1692 2368 maximis

246 2382 441 2415 conatibus.
489 2382 599 2417 ariete
631 2387 868 2426 expugnatore
897 2387 1064 2428 ruperunt
1092 2381 1196 2416 facile
1225 2382 1408 2415 obversum
1431 2380 1519 2415 mari
1540 2388 1694 2417 murnum

248 2427 310 2459 sed
333 2433 415 2460 sunt
435 2428 567 2472 repulsi
589 2439 610 2462 a
632 2428 759 2461 nostris
781 2427 1018 2471 auxiliaribus,
1052 2427 1111 2473 qui
1133 2427 1170 2461 in
1193 2427 1279 2460 urbe
1303 2430 1415 2460 erant.
1462 2430 1500 2460 at
1516 2422 1694 2459 'classiarii

249 2471 400 2516 desuper
423 2484 442 2505 e
465 2473 568 2508 scalis
599 2472 723 2516 (6840)
744 2471 916 2517 lapidibus
946 2474 1124 2508 feriebant
1155 2471 1236 2506 telis
1259 2471 1383 2516 gladiis
1405 2470 1552 2504 turrium
1574 2473 1691 2503 custo-

251 2516 312 2549 des
337 2517 574 2562 moeniumque
597 2518 774 2560 vindices,
810 2519 977 2564 brevique
1007 2531 1066 2554 eos
1089 2519 1125 2552 in
1148 2519 1264 2561 fugam
1287 2516 1522 2550 coniecerunt.
1567 2513 1694 2548 deinde

251 2561 369 2595 hostes
399 2564 578 2598 moenibus
609 2563 712 2609 potiti
740 2564 880 2597 urbanis
913 2566 1024 2609 ignem
1055 2563 1211 2598 domibus
1231 2562 1393 2596 iniiciunt
1420 2560 1543 2606 (6845)
1564 2559 1646 2594 inde
1673 2569 1693 2592 a

250 2607 454 2642 Blachernis
478 2611 523 2643 ad
545 2610 663 2643 aedem
686 2609 897 2653 Euergetas.
1541 2646 1551 2656 ,

342 2652 444 2686 Tunc
477 2655 587 2688 dirum
613 2666 727 2688 casum
758 2666 903 2688 cernens
930 2655 1139 2699 imperator,
1170 2651 1438 2697 trepidationem
1467 2648 1696 2691 lacrimasque

250 2696 390 2740 civium,
413 2699 602 2744 horumque
623 2711 748 2734 verens
769 2700 912 2733 maxime
935 2700 1194 2745 querimoniam,
1218 2710 1324 2742 aegre
1348 2702 1383 2730 et
1406 2698 1544 2729 coactus
1557 2693 1696 2746 tandem

253 2743 288 2776 in
312 2754 407 2777 arma
428 2745 574 2789 rapitur,
599 2745 724 2788 (6850)
747 2750 782 2779 et
803 2746 1044 2789 cataphractus
1066 2744 1230 2789 prodiens
1255 2741 1382 2788 palatio
1404 2738 1510 2774 traxit
1532 2737 1697 2791 nobilium

253 2789 405 2834 equitum
428 2797 601 2825 catervam
626 2791 846 2836 peditumque
870 2791 1025 2826 iuvenem
1050 2790 1174 2824 sortem
1197 2799 1341 2824 manum.
1399 2792 1435 2820 et
1459 2785 1607 2818 sortasse
1631 2782 1697 2825 all-
