1786 3080
239 157 301 202 28
780 158 1127 204 EPHRAEMIUS

254 268 336 311 460
369 269 434 310 καὶ
452 268 509 323 μὴ
528 271 684 320 διαθεὶς
701 268 756 320 ὡς
774 269 855 312 δέοι
871 270 922 313 τὰ
941 274 1011 324 τῆς
1026 267 1171 327 μάχης,

369 337 487 378 ἐκεῖσε
513 338 776 394 κατέστρεψεν
799 337 952 387 ἀθλίως
974 339 1078 391 βίον,

365 405 533 458 βληθεὶς
553 403 662 460 παρά
683 422 753 448 του
775 406 930 462 καιρίαν
950 406 991 447 ἓν
1011 410 1061 462 τῇ
1081 404 1204 463 μάχῃ,

367 471 439 512 εἴτ’
464 470 660 515 Αὐσόνων
677 472 703 527 ἢ
722 471 942 530 βαρβάρων
961 471 1183 516 ἀντιπάλων

366 537 392 592 ἢ
410 539 543 596 χειρὸς
563 539 685 595 ἄλλης
703 544 953 590 πανσθενοῦς
971 538 1211 597 οὐρανόθεν·

251 603 331 647 465
365 605 479 660 ἡνίκα
501 609 622 663 φασὶν
642 608 809 661 αἵματος
829 606 1095 664 καταρρύτου,

363 677 535 729 πλευρᾶς
557 677 733 730 νυγείσης
749 678 852 732 χειρὶ
871 676 1224 731 προσδεδεγμένον,

369 743 424 790 εἷς
441 740 539 797 ἀέρα
553 742 696 796 χέοντα
716 743 831 784 ταῦτ’
856 743 1041 798 ἐπιλέγειν

361 805 622 866 “Ναζωραΐε,
656 809 902 864 πλήσθητι.υ
972 814 1048 866 φεῦ
1069 813 1142 864 τῆς
1160 811 1318 863 μανίας.

599 911 778 960 Ἰοβιανός
796 915 916 959 μῆνας
937 913 983 960 η’.
1028 914 1064 949 οὶ
1088 913 1127 950 δὲ
1150 914 1230 957 ἔτος
1252 915 1298 951 α’.

367 982 522 1029 Τούτου
545 988 893 1044 καταστρέψαντος
913 988 967 1039 ὥς
987 988 1085 1046 ἔφην
1102 991 1204 1043 βίον,

249 1050 332 1095 470
365 1055 456 1095 δυσὶ
475 1054 789 1110 τυραννήσαντος
807 1056 963 1110 ἀσεβῶς
979 1055 1151 1112 χρόνοις,

363 1119 494 1177 ψήφῳ
515 1127 704 1178 στρατιᾶς
724 1127 944 1179 προκρίτων
963 1126 1170 1181 γερουσίας

362 1186 551 1239 Ἰοβιανός
559 1220 573 1239 ,
600 1191 807 1246 χιλίαρχος
827 1190 882 1232 ὢν
902 1191 1003 1242 τότε,

362 1254 462 1310 ἀνὴρ
483 1254 658 1310 ἀγαθός,
693 1257 858 1311 εὐσεβὴς
874 1261 1058 1314 Χριστοῦ
1078 1256 1228 1315 λάτρις,

362 1324 418 1371 εἷς
434 1325 638 1374 βασιλείας
655 1324 699 1365 τὸ
719 1324 862 1379 κράτος
878 1326 1111 1379 προεκρίθη.

249 1386 329 1430 475
364 1386 385 1429 ὅ
406 1390 431 1429 δ
437 1388 449 1404 ²
471 1384 522 1443 ἦν
542 1389 713 1444 ἀπειθὴς
731 1391 831 1446 πρὸς
852 1390 897 1432 τὸ
921 1391 1115 1440 δέξασθαι
1134 1389 1291 1447 κράτος,

362 1457 547 1512 Χριστοῦ
564 1458 637 1510 μὲν
659 1456 778 1499 αὑτὸν
799 1459 949 1512 οἰκέτην
971 1456 1066 1499 εἶναι
1086 1458 1222 1512 λέγων,

362 1525 428 1564 καὶ
450 1524 507 1578 μὴ
530 1530 763 1581 κραταρχεΐν
785 1525 954 1578 ἀσεβοῦς
973 1528 1145 1581 στρατοῦ
1161 1525 1304 1570 θέλειν.

359 1589 509 1632 τούτων
527 1592 570 1633 δὲ
587 1592 765 1646 Χριστὸν
782 1590 1086 1648 ἀνακραξάντῖον
1104 1591 1232 1645 σέβειν

364 1657 486 1707 εὐθὺς
507 1658 727 1709 ἄνεζώσατο
749 1659 820 1713 τὴν
841 1661 1096 1715 κραταρχιάν.

246 1721 327 1765 480
360 1726 425 1765 καὶ
447 1726 651 1768 σπένδεται
674 1726 718 1767 δὲ
739 1730 797 1783 τῷ
818 1731 1027 1782 κρατοῦντι
1046 1727 1269 1781 Περσίδος·

364 1794 429 1833 καὶ
447 1793 520 1835 σὺν
541 1797 707 1851 στρατιᾷ
725 1794 798 1847 τὴν
810 1792 1011 1848 Ἀντιόχου
1031 1792 1199 1849 φθάσας

361 1859 456 1909 τοὺς
474 1862 565 1916 πρὶν
582 1859 766 1916 φυγάδας
779 1860 1019 1916 Ἀρχιθύτας
1036 1861 1223 1914 ποιμένας

363 1928 419 1976 εἷς
437 1931 552 1983 σφῶν
571 1925 788 1983 ἐπανήγαγε
805 1929 1099 1983 ποιμεναρχίας,

362 1994 463 2047 μεθ’
488 1988 543 2036 ὧν
556 1993 797 2037 Ἀθανάσιον
818 1995 954 2038 ἔνθεον
969 1995 1113 2050 θύτην,

228 2097 342 2133 amisit
371 2099 444 2133 illie
471 2099 577 2134 vitam
605 2100 811 2144 infeliciter,
847 2101 981 2136 incerto
1003 2104 1144 2136 auctore
1165 2099 1379 2154 graviter-in
1401 2100 1533 2155 proelio
1556 2099 1658 2155 ³3²⁸!1‘v

228 2155 289 2177 seu
321 2144 388 2179 fuit
419 2145 478 2179 ille
508 2145 680 2179 Romanus
703 2157 766 2180 seu
789 2147 897 2180 hostis
919 2148 1088 2181 barbarus
1111 2157 1172 2180 seu
1193 2146 1349 2180 caelestis
1373 2145 1486 2190 aliqua
1508 2145 1659 2180 vahdlor

225 2200 357 2223 manus.
404 2191 506 2234 (465)
527 2194 609 2224 tunc
631 2190 796 2225 Iulianum
819 2192 916 2227 aiunt
935 2197 1123 2226 manantem
1143 2191 1342 2235 sanguinem
1356 2191 1500 2225 suffosso
1517 2202 1537 2225 e
1551 2190 1660 2226 latere

226 2244 326 2269 mauu
348 2246 434 2269 cava
457 2240 634 2280 exceptum
656 2236 861 2281 dispersisse
883 2248 947 2282 per
968 2237 1102 2280 aetem,
1134 2235 1189 2269 his
1220 2235 1336 2270 verbis
1366 2236 1495 2270 additis
1518 2233 1657 2271 “Naza-

225 2290 329 2324 rene,
356 2280 449 2316 sitim
472 2278 606 2327 exple.’'
649 2280 726 2316 hem
746 2282 939 2317 vesaniam!

510 2361 676 2397 Iovianus
700 2372 806 2396 mens.
830 2361 872 2405 8,
896 2371 959 2393 seu
980 2364 1024 2394 ut
1046 2358 1109 2392 aliz·
1131 2359 1234 2393 aiunt
1256 2368 1316 2392 απ.
1342 2359 1375 2392 1.

314 2415 469 2460 Iuliano,
490 2418 579 2453 sicut
600 2418 690 2462 dixi,
713 2418 787 2452 vita
809 2417 928 2450 orbato
953 2415 1055 2458 (470)
1077 2419 1155 2460 post
1175 2415 1373 2449 sceleratam
1389 2412 1522 2448 biennii
1533 2417 1655 2458 tyrun-

229 2459 358 2504 uidem,
385 2463 550 2508 suffragio
573 2464 783 2510 optimatium
806 2460 993 2496 castrensis
1011 2460 1146 2493 consilii
1167 2460 1349 2503 Iovianus,
1379 2471 1443 2504 per
1464 2460 1503 2493 id
1521 2464 1654 2504 tempus

229 2505 386 2540 tribunus
420 2508 578 2553 militum,
611 2509 665 2544 vir
696 2510 806 2543 bonus
838 2511 944 2550 atque
973 2505 1104 2539 Christi
1134 2505 1211 2549 pius
1241 2505 1405 2550 famulus,
1445 2504 1488 2539 ad
1519 2504 1656 2550 imperii

230 2550 430 2594 dignitatem
465 2553 531 2587 fuit
568 2555 765 2589 subvectus.
811 2552 911 2595 (475)
944 2549 1145 2595 ceteroquin
1175 2551 1251 2595 ipse
1282 2561 1425 2594 regnum
1456 2549 1654 2594 respuebat,

231 2595 362 2629 Christi
391 2608 429 2630 se
457 2598 614 2634 famulum
646 2612 722 2635 esse
753 2598 870 2633 dicens
905 2603 1008 2640 atque
1041 2595 1186 2629 ethnicis
1217 2595 1381 2630 militibus
1412 2595 1655 2640 imperaturum

231 2651 373 2685 negans.
417 2641 453 2674 hi
482 2654 566 2677 vero
595 2657 669 2680 cum
693 2641 915 2680 Christicolas
937 2653 976 2675 se
997 2639 1253 2684 inclamassent‚
1283 2647 1364 2674 tunc
1393 2640 1568 2684 imperium
1593 2639 1655 2673 10-

230 2685 352 2720 vianus
373 2687 505 2731 recepit
528 2690 696 2732 protinus.
741 2688 842 2734 (480)
864 2692 900 2721 et
921 2697 1005 2732 pace
1029 2697 1106 2719 mox
1129 2685 1316 2731 composita
1336 2697 1410 2720 eum
1431 2685 1538 2718 Persa
1560 2695 1654 2728 rege,

230 2737 332 2775 atque
354 2732 566 2767 Antiochiam
587 2736 728 2770 reducto
752 2732 922 2776 exercitu,
946 2730 1080 2765 exsules
1103 2731 1225 2765 dudum
1247 2731 1421 2775 principes
1438 2734 1593 2774 pastores
1611 2729 1654 2763 ed

229 2787 308 2810 suos
332 2787 454 2822 greges
477 2778 589 2814 edicto
611 2780 808 2825 revocavit,
831 2788 917 2824 quos
938 2776 1029 2812 iuter
1048 2775 1266 2812 Athanasium
1281 2776 1431 2812 divinum
1446 2773 1655 2821 praesulem
