1786 3080
187 138 287 184 236
727 149 732 156 ·
748 124 1099 182 EPHRAEMm‘s

187 253 300 295 5730
319 249 429 294 “nov
451 254 528 293 ποῦ
548 254 685 302 παπᾶς
701 250 874 309 πέφυκεν
894 249 1199 308 ἄνῃρημένοςς”

324 319 396 370 οὓς
418 321 460 361 ἐν
480 323 579 377 νεῷς
601 319 774 362 ἔκτειναν
798 321 836 362 οἳ
858 319 1080 376 μιαιφόνοι.

323 389 424 430 ἐπὰν
442 386 598 444 ὑπῆρχε
619 393 807 444 καθορᾶν
827 406 865 432 τι
887 390 953 430 καὶ
973 389 1097 439 ξένον,

324 456 421 507 τοὺς
441 454 564 507 κύνας
583 457 843 513 οὖθίγοντας
862 457 996 499 ἀστῶν
1014 454 1215 509 σωμάτων

322 530 403 568 τῶν
420 526 658 580 νεκριμαίων
676 524 880 583 ἀμφόδοις
896 526 1157 581 ἐρριμμένων,

189 594 299 637 5735
323 601 407 644 τοῖς
429 594 470 635 δ’
489 595 653 636 Ἰταλῶν
669 592 858 648 πτώμασι
875 598 932 651 τῷ
949 592 1134 647 τηνικάδε

326 661 588 716 ἓπιμανέντας
610 663 762 705 ἐσθίειν
781 662 885 704 κατὰ
905 659 1024 718 κόρον

325 733 393 773 καὶ
417 735 730 786 τυμβορυκτεΐν,
765 733 798 774 εἲ
822 729 976 786 δεήσει,
1011 728 1217 779 πολλάκις.

412 798 554 849 Οὕτως
575 798 772 853 ἀπηλάθη
793 800 867 852 μὲν
887 800 930 840 ἔκ
955 798 1184 847 Θεσσαλίας

324 865 560 921 ῆ’Σικελικὴ
586 868 757 923 στρατιὰ
781 867 855 910 σὺν
877 865 1069 923 αἰσχύνῃ·

191 934 302 977 5740
326 936 367 976 αἱ
391 936 435 978 δὲ
453 934 629 992 τριήρεις
645 936 688 978 αἶ
701 936 806 978 κατὰ
826 937 1073 986 Βυζαντίδος

326 1003 594 1046 ἓκπλεύσασαι
617 1009 733 1061 σφῶν
743 1036 756 1055 ,
791 1002 846 1054 ὥς
867 1004 1022 1061 ἔφαμεν
1042 999 1197 1050 ἀνόπιν,

325 1076 460 1122 κακῶς
480 1076 690 1116 παθοῦσαι
712 1072 814 1128 πρὸς
831 1077 1023 1126 στρατιᾶς
1042 1068 1243 1113 Αὐσόνων

327 1142 539 1191 πλείστους
558 1158 599 1183 τε
616 1146 774 1183 ναυτῶν
795 1140 1075 1193 ἀποβαλοῦσαι
1095 1136 1227 1195 μόρῳ,

328 1203 446 1250 οὖσαι
468 1211 561 1265 περί
577 1226 654 1251 που
678 1211 741 1259 δὶς
761 1207 904 1251 ἑκατὸν
923 1210 990 1250 καὶ
1011 1208 1144 1255 πλέον,

195 1275 304 1320 5745
330 1278 476 1334 ᾤχοντ’
502 1277 674 1333 ἀγεννῶς
694 1278 847 1327 ἀκλεῶς
867 1277 971 1333 πρὸς
991 1277 1188 1330 πατρίδα·

331 1340 408 1397 ῶν,
445 1347 567 1403 φασί,
602 1348 747 1388 πολλαὶ
768 1346 992 1388 κατέδυσαν
1012 1347 1068 1394 εἰς
1081 1341 1220 1396 βάθος

329 1412 433 1456 κατά
451 1431 492 1470 γε
513 1414 583 1456 τὸν
598 1418 725 1457 πλοῦν
742 1412 979 1467 πνευμάτων
995 1413 1195 1466 καταιγίσι

326 1487 613 1539 περιπεσοῦσαι
634 1485 700 1524 καὶ
720 1482 894 1525 κλύδωνι
911 1483 977 1524 καὶ
997 1479 1124 1537 σάλῳ,

332 1549 388 1600 ὡς
409 1551 638 1593 ἀπολέσθαι
658 1550 762 1592 κατὰ
786 1548 909 1592 τάσδε
929 1550 1002 1599 τὰς
1019 1547 1156 1602 μάχας

196 1618 308 1661 5750
333 1619 491 1674 ἀνδρῶν
509 1619 672 1661 Ἰταλῶν
690 1619 880 1672 μαχίμων
899 1618 1000 1673 πρὸς
1022 1615 1224 1659 Αὐσόνων

330 1689 491 1737 πλείους
513 1685 655 1740 σχεδόν
677 1704 755 1728 που
772 1684 1015 1740 χιλιοστύων
1037 1685 1147 1734 δέκα,

331 1757 399 1797 καὶ
420 1759 668 1810 συσχεθῆναι
691 1754 796 1796 κατὰ
814 1756 959 1808 διπλῆν
977 1752 1112 1807 μάχην

331 1822 485 1880 ἄνδρας
505 1823 696 1873 Σικελοὺς
714 1823 908 1879 τέτταρας
918 1819 1124 1877 χιλιάδας,

335 1892 380 1934 οἳ
397 1893 611 1946 δημοσίαις
632 1895 835 1949 φυλακαῖς
852 1889 1135 1946 καθειργμένοι

197 1960 307 2002 5755
334 1960 484 2003 ὤλοντο
503 1964 609 2018 λιμῷ
627 1962 694 2002 καὶ
714 1958 826 2015 κρύει
848 1961 914 2001 καὶ
936 1963 986 2015 τῇ
1004 1957 1123 2015 νόσῳ.

417 2068 509 2103 5752
531 2064 627 2102 κατὰ
647 2063 746 2111 τὴν7

197 2158 357 2204 gulantes
379 2158 575 2192 clamabant
596 2157 764 2191 ferociter
787 2157 913 2201 (5730)
948 2152 1110 2190 “ubinam
1137 2159 1193 2189 est
1218 2152 1355 2188 occisus
1372 2163 1437 2197 per
1458 2162 1524 2186 vos
1545 2149 1663 2185 sacer·

198 2202 311 2239 dos?
358 2216 435 2238 nam
461 2211 496 2238 et
521 2215 560 2238 se
579 2203 690 2237 sacris
715 2204 882 2237 caedibus
903 2202 1148 2246 impiaverant.
1194 2206 1266 2234 tum
1289 2205 1324 2232 et
1347 2197 1536 2232 mirandum
1562 2197 1664 2240 quid-

201 2252 277 2284 dam
301 2250 424 2284 videre
447 2249 564 2293 licuit,
590 2260 694 2283 canes
721 2256 905 2293 parcentes
930 2248 1056 2282 civium
1083 2245 1306 2290 corporibus,
1343 2245 1372 2278 si
1397 2254 1486 2287 quae
1508 2243 1666 2287 proiecta

201 2297 364 2330 iacebant
384 2296 420 2330 in
442 2296 554 2339 vicis,
578 2294 703 2338 (5735)
729 2301 765 2328 at
786 2295 951 2328 Italorum
976 2293 1134 2327 certatim
1158 2291 1329 2324 cadavera
1352 2290 1458 2324 avida
1480 2289 1572 2323 fame
1593 2288 1663 2322 ibi-

201 2343 278 2377 dem
301 2343 533 2385 devorantes,
584 2342 644 2374 uin
666 2346 703 2374 et
724 2340 916 2384 sepulchris
939 2351 1047 2384 saepe
1071 2337 1327 2383 protrahentes-

293 2388 356 2421 Sic
387 2400 407 2421 e
430 2352 646 2421 Thessalicis
679 2385 798 2430 pulsus
830 2386 899 2419 fuit
928 2386 1056 2419 finibus
1088 2394 1163 2416 cum
1186 2381 1377 2426 ignominia
1398 2379 1538 2414 Siculus
1561 2389 1665 2413 exer-

203 2432 306 2468 citus,
354 2433 480 2477 (5740)
503 2433 662 2467 triremes
687 2437 820 2474 autem,
847 2438 886 2466 ut
907 2430 1070 2476 superius
1093 2428 1254 2471 diximus,
1281 2426 1476 2471 Byzantina
1499 2426 1585 2458 urbe
1608 2424 1666 2458 fu-

201 2480 338 2523 gientes
373 2478 493 2523 procul
531 2479 621 2512 male
653 2489 674 2510 a
697 2477 851 2510 Romano
886 2477 994 2511 milite
1025 2480 1106 2510 sunt
1128 2474 1318 2517 mulcetue,
1349 2478 1454 2516 atque
1477 2470 1668 2504 amiserunt

203 2524 383 2570 plurimam
418 2526 554 2558 turbam
589 2522 781 2563 nautica1n3
814 2534 960 2567 cumque
989 2522 1160 2556 ducentae
1191 2524 1310 2553 essent
1331 2518 1389 2553 vel
1412 2517 1515 2550 etiam
1536 2515 1666 2560 plures,

204 2569 332 2614 (5745)
367 2570 517 2615 turpiter
548 2569 663 2603 victae
693 2567 876 2612 fugiebant
904 2569 942 2602 in
976 2567 1138 2613 patriam.
1185 2575 1327 2610 quarum
1358 2561 1546 2608 permultas
1573 2561 1667 2594 fama.

205 2622 260 2649 est
289 2615 326 2648 in
361 2626 483 2660 cursu,
523 2622 704 2649 ventorum
735 2614 804 2647 vim
835 2625 1022 2659 perpessas
1041 2617 1079 2646 et
1101 2609 1318 2656 tempestatis
1342 2609 1527 2651 naufragas
1547 2605 1667 2648 ‚medio

204 2659 354 2707 periisse
378 2660 476 2694 mari.
525 2673 634 2705 quare
664 2660 700 2694 in
734 2659 788 2693 his
814 2659 957 2704 proeliis
982 2657 1168 2692 bellatores
1195 2655 1278 2690 Itali
1299 2654 1424 2699 (5750)
1448 2658 1569 2687 contra
1591 2651 1665 2685 Ro-

204 2717 341 2741 manum
363 2706 581 2741 decertantes
607 2705 748 2740 militem
772 2706 1008 2739 occubuerunt
1029 2703 1148 2737 decies
1170 2703 1280 2735 ferme
1304 2700 1417 2740 mille3
1440 2697 1668 2739 terrestrique

206 2750 305 2786 simul
337 2757 373 2785 et
406 2752 574 2785 maritimo
609 2752 699 2786 bello
733 2755 816 2786 sunt
849 2749 942 2794 capti
966 2755 1091 2793 quater
1116 2747 1207 2781 mille
1230 2746 1360 2788 Siculi,
1386 2743 1447 2788 qui
1469 2741 1669 2777 carceribus

206 2797 355 2844 publicis
379 2797 532 2832 conclusi
554 2798 682 2842 (5755)
704 2797 838 2842 frigore
859 2802 942 2830 sunt
963 2795 1077 2830 enecti
1101 2799 1138 2828 et
1161 2793 1280 2828 morbo
1304 2796 1340 2826 et
1361 2790 1466 2825 fame.
