1786 3080
282 150 381 198 290
837 153 1189 200 EPHRAEMIUS

421 262 596 315 Κελτοὺς
612 268 791 322 λιπαρῶν
810 266 1045 324 προτρέπων
1064 266 1138 310 οὗκ
1155 267 1270 312 ἀνίει.

280 336 389 378 7135
417 333 499 374 ἐπεὶ
515 334 559 375 δὲ
576 332 772 376 θωπεύων
788 352 830 377 τε
847 338 914 378 καὶ
933 334 1194 393 παροτρύνων

415 402 488 444 οὖκ
505 399 585 456 ε’ἶχὲ
597 419 686 445 τινα
703 402 773 445 τὸν
791 402 962 446 κλύοντα
977 404 1077 459 μηδ’
1097 403 1215 456 ὅλως,

413 469 492 525 ’ἤδη
514 471 558 512 δὲ
576 473 641 512 καὶ
660 468 822 528 φάλαγξ
836 490 897 522 τις
913 466 1021 515 ὦπτο
1040 474 1250 527 .Λατίνων,

412 539 656 593 μεθίσταται
675 537 834 594 τάχιστ’
857 542 1009 583 ἐκεῖθεν
1027 539 1083 591 ὡς
1102 542 1204 593 δέον,

412 609 479 649 καὶ
498 607 598 664 πρὸς
619 608 751 664 φυγὴν
773 607 919 664 ἔβλεψε
939 611 1004 651 καὶ
1027 610 1241 670 σωτηρίαν.

274 675 387 720 7140
411 675 623 731 ἇντίμαχοι
645 677 690 718 δὲ
709 677 803 719 κατ’
827 678 996 734 ἐρημίαν
1014 676 1118 732 τάχα

410 748 490 786 τῶν
509 743 770 787 κωλυσόντων
787 746 989 802 ἐκδρομὰς
1006 751 1122 803 σφῶν
1141 746 1305 797 ἀνέτους

408 811 605 868 ἐπῄεσαν,
638 814 852 863 κτείνοντες
873 814 1051 871 ἀφειδῶς
1072 816 1176 872 ’ξίφει

380 874 392 882 ’
405 880 475 922 τὸν
497 880 774 938 προστυχόντα
793 884 861 924 καὶ
880 880 1136 932 σκυλεύοντες
1151 883 1239 941 βίᾳ,

403 953 686 1003 λεηλατοῦντες
702 954 999 1006 πυρπολοῦντες
1015 950 1090 1005 τὴν
1109 949 1238 1002 πόλιν,

269 1017 379 1061 7145
406 1019 471 1059 καὶ
493 1017 624 1059 πάντα
645 1020 839 1073 δρῶντες,
874 1017 908 1060 ὢ
928 1019 1196 1061 δυσυποίστου
1215 1018 1330 1070 θέας,

403 1083 555 1139 κόσμον
577 1090 775 1136 συλῶντες
793 1085 901 1144 ἱερὸν
922 1087 1047 1130 θείων
1069 1085 1221 1141 δόμων,

404 1151 530 1196 σεπτά
551 1171 592 1196 τε
613 1152 799 1210 κειμήλια
822 1156 889 1197 καὶ
911 1157 1051 1205 θείους
1070 1156 1259 1207 πέπλους,

403 1220 554 1264 ἔκτυπα
579 1225 788 1278 Χριστοῦ,
820 1223 975 1280 μητρὸς
994 1224 1120 1266 αὐτοῦ
1138 1222 1342 1280 πανάγνου

403 1291 458 1340 εἷς
476 1295 550 1346 γῆν
566 1290 937 1348 καταρράσσοντες,
972 1291 1106 1333 ἄλλων
1126 1292 1177 1334 θ’
1203 1291 1338 1348 ἁγίων,

266 1361 379 1402 7150
406 1360 472 1400 καὶ
494 1359 564 1401 τὸν
584 1358 684 1415 παρ’
710 1359 848 1410 αὐτοῖς
868 1358 1020 1414 κόσμον
1042 1360 1086 1402 ἔκ
1102 1358 1393 1418 χρυσαργῦρου

400 1426 497 1469 ὄντα
518 1425 803 1484 διαρπάζοντες
821 1428 859 1472 οἱ
877 1427 1126 1486 παραβάται,

399 1495 550 1549 σεμνὰς
569 1503 760 1551 γυναῖκας
780 1494 891 1551 ἱεράς
907 1514 949 1539 τε
971 1497 1201 1554 παρθένους

399 1563 578 1614 ἕλκοντες
598 1566 653 1614 εἷς
669 1563 788 1620 ὕβριν
806 1582 848 1607 τε
869 1567 934 1606 καὶ
956 1565 1123 1621 φθορὰν
1138 1565 1224 1623 βίᾳ,

395 1633 462 1672 καὶ
484 1625 612 1673 τᾶλλα
633 1637 766 1675 κακῶν
787 1633 959 1689 δρῶντες
977 1627 1054 1675 ὧδ’
1080 1634 1199 1674 εἰπεῖν
1218 1630 1311 1681 ἔπος

259 1699 371 1741 7155
397 1695 591 1753 σύστοιχα
612 1698 792 1752 τούτοις,
826 1698 1022 1752 καθάπαξ
1043 1698 1215 1742 ἐοικότα.

394 1767 436 1809 ἐν
459 1762 530 1809 οὖν
552 1774 769 1819 στενωποῖς
787 1766 964 1824 τριόδοις
987 1767 1211 1825 λεωφόροις

395 1841 508 1885 ναοῖς
531 1837 725 1890 σεμνείοις
737 1869 750 1888 ,
782 1839 943 1893 γωνίαις
963 1835 1231 1893 ἀποκρύφοις,

395 1901 505 1954 ὁδοῖς
523 1904 681 1960 ἀγυιαῖς
702 1907 766 1947 καὶ
787 1907 991 1955 πλατείαις
1011 1903 1228 1962 ἀμφόδοις,

394 1970 561 2027 θρήνων
580 1970 863 2029 στεναγμάτων
883 1991 925 2016 τε
937 2005 949 2024 ,
984 1977 1173 2015 κωκυτῶν
1194 1969 1298 2028 γόων

257 2039 368 2080 7160
396 2039 527 2091 εἴδους
546 2058 588 2084 τε
608 2045 749 2097 λοιπῆς
769 2044 992 2097 δυστυχοῦς
1013 2042 1241 2100 τραγῳδίας

256 2167 354 2212 gios,
378 2168 529 2213 grandes
552 2173 730 2213 gestantes
754 2168 905 2204 humeris
927 2169 1110 2215 bipennis,
1137 2168 1255 2203 celtas
1279 2165 1390 2202 enixis
1409 2166 1620 2212 perurgebat
1635 2176 1719 2220 pre:

256 2214 367 2247 cibus.
417 2215 541 2259 (7135)
575 2215 637 2248 sed
668 2227 742 2248 cum
775 2227 838 2249 nec
870 2217 1006 2250 blandis
1039 2215 1198 2250 suadenti
1223 2214 1344 2248 verbis
1376 2224 1490 2258 neque
1520 2213 1719 2248 adhortanti

256 2256 431 2304 quispiam*
466 2260 699 2302 auscultaret,
740 2260 878 2305 iamque
912 2266 1099 2307 appareret
1132 2260 1257 2295 cohors
1292 2258 1515 2304 Latinorum,
1555 2257 1718 2292 Lusum-Is

256 2305 369 2349 illinc,
394 2311 431 2339 ut
456 2317 519 2349 par
541 2311 637 2349 erat,
664 2305 784 2339 abiens
809 2308 892 2351 fuga
918 2308 1022 2341 saluti
1045 2306 1287 2340 consulendum
1312 2305 1460 2340 censuit.
1506 2303 1632 2348 (7140)
1663 2303 1719 2335 in-

255 2350 355 2384 terim
381 2351 498 2384 hostes
522 2352 687 2385 obviante
713 2352 848 2386 nemine
872 2353 933 2398 qni
957 2352 1138 2387 cohiberet
1160 2350 1290 2385 liberos
1316 2361 1494 2393 excursus,
1517 2349 1613 2383 Orco
1635 2347 1716 2381 mit,-

254 2397 376 2430 tebant
398 2397 624 2431 inclementer
646 2396 777 2430 animas
800 2398 925 2432 civium
949 2409 1139 2442 caesorum,
1164 2406 1249 2442 opes
1267 2397 1485 2440 auferebant,
1507 2395 1591 2440 igne
1608 2393 1717 2428 lutro-

254 2441 426 2486 ciniisque
448 2448 625 2476 vastantes
648 2444 779 2476 urbem.
827 2444 951 2488 (7145)
978 2456 998 2478 o
1022 2443 1273 2477 intolerandum
1298 2441 1442 2485 lugubre
1463 2438 1715 2486 spectaculum!

253 2498 354 2520 sacer
384 2488 587 2532 templorum
619 2493 760 2521 ornatus
784 2488 969 2532 diripitur3
1002 2489 1203 2524 veneranda
1227 2487 1362 2521 cimelia
1385 2486 1563 2531 almaeque
1584 2490 1715 2527 vestes,

254 2532 373 2567 icones
406 2533 540 2567 Christi
575 2533 761 2577 matrisque
797 2535 1036 2569 sanctissimae
1071 2535 1285 2578 aliorumque
1317 2543 1479 2577 superum
1514 2535 1717 2565 sternuntur

254 2577 369 2621 humi,
406 2579 529 2622 (7150)
560 2583 664 2623 atque
699 2579 752 2612 his
785 2579 975 2623 pretiosum
1007 2580 1114 2625 impia
1148 2579 1183 2613 vi
1218 2580 1412 2613 detractum
1442 2575 1612 2611 metallum
1645 2575 1715 2609 sibi

251 2622 432 2657 vindicant
465 2629 659 2668 apostatae.
712 2630 887 2659 matronas
921 2626 1136 2660 venerandas
1170 2634 1359 2669 sacrasque
1390 2622 1546 2666 virg-ines
1568 2621 1612 2655 ad
1636 2627 1714 2655 stu-

249 2679 348 2712 prum
381 2668 522 2713 rapiunt
555 2669 708 2703 violenta
740 2680 854 2703 manu.
901 2671 971 2705 alia
1006 2671 1155 2705 scelesta
1192 2671 1297 2714 (num
1325 2668 1507 2702 dicendum
1530 2665 1714 2709 breviter)

249 2713 379 2756 (7155)
401 2714 558 2749 facinora
581 2715 796 2749 committunt
820 2715 872 2748 his
895 2716 1034 2750 similia.
1083 2728 1168 2760 ergo
1193 2716 1418 2759 angiportus,
1450 2712 1558 2745 trivia
1580 2719 1616 2744 et
1639 2722 1712 2744 am-

248 2758 407 2803 bulacra,
443 2765 564 2794 sancta
595 2760 741 2794 delubra
765 2766 801 2794 et
825 2761 940 2804 anguli
970 2762 1162 2804 reconditi,
1187 2761 1286 2802 fora,
1310 2759 1410 2801 viae,
1435 2757 1525 2798 vici,
1549 2757 1712 2800 compita,

247 2803 398 2848 plateae,
422 2804 515 2840 luctu
540 2806 725 2850 gemitibus
748 2805 897 2840 clamore
922 2811 958 2841 ct
979 2807 1167 2841 ululatibus
1188 2807 1312 2851 (7160)
1335 2804 1489 2838 virorum
1508 2802 1710 2836 seminarum
