1786 3080
263 134 323 182 14
459 197 462 200 .
803 133 1151 177 EPHRAEMlus

278 246 357 291 145
391 247 460 305 ἐφ’
482 241 529 290 οὗ
551 244 719 302 Κλήμης
736 242 788 302 ἦν
806 245 1082 304 στρωματεύς,
1116 245 1241 304 σοφὸς
1260 245 1398 302 μέγας,

390 317 456 358 καὶ
474 304 722 367 Ποῖνταινος,
755 314 921 372 κήρυκες
942 315 1079 373 ὀρθῶν
1101 312 1323 371 δογμάτων.

734 433 914 479 Περτίναξ
936 433 999 469 καὶ
1018 431 1226 473 Ἰουλιανός.

387 507 509 550 Μεθ’
535 505 580 548 ὃν
599 514 818 564 κραταρχεῖ
830 509 1030 565 Περτίναξ
1049 505 1070 549 ὅ
1088 507 1291 564 τριγέρων,

387 576 453 616 καὶ
473 571 689 631 σφάττεται
708 576 758 630 δὴ
776 577 877 632 πρὸς
892 577 1029 630 μέσοις
1048 573 1290 631 ἀνακτόροις,

387 644 454 684 καὶ
476 646 657 699 σκῆπτρα
675 645 894 700 παρείληφε
912 643 964 686 τὰ
981 647 1062 685 τῶν
1078 641 1275 685 Αὐσόνων

275 710 356 751 150
385 709 596 760 Ἰουλιανὸς
614 711 755 761 Δι’διος
771 710 928 768 βραχὺν
944 708 1088 767 χρόνον

806 827 973 874 Σεβῆρος
996 827 1057 873 ἔτη
1081 826 1144 872 ιη’.

388 902 454 942 καὶ
475 904 675 957 Σεβῆρος,
709 900 918 958 κράτιστος
938 903 1097 959 ἐχθρῶν
1116 903 1156 943 ἓν
1175 900 1337 955 μάχαις,

387 969 565 1024 σφοδρὸς
583 970 780 1024 κολαστὴς
801 971 972 1023 εὐσεβῶν
985 967 1287 1026 χριστωνύμων,

387 1036 455 1092 ἐφ’
478 1030 526 1077 οὗ
545 1036 618 1078 σὺν
637 1035 772 1087 ἄλλοις
790 1040 857 1080 καὶ
875 1039 1008 1094 πατὴρ
1022 1038 1247 1094 Ὠριγὲνους

390 1104 614 1158 Φιλωνίδης
636 1102 779 1161 εὕρατο
800 1105 1015 1163 μαρτύρων
1035 1106 1194 1162 στέφος.

674 1219 881 1262 Ἀντωνῖνος
901 1219 1120 1267 Καρᾶκαλος
1142 1220 1202 1265 ἔτη
1225 1220 1267 1263 ζ’.

272 1294 349 1334 155
385 1291 541 1334 Τούτου
563 1291 759 1343 θανόντος
781 1293 1026 1349 Καράκαλος
1044 1293 1258 1347 τοῦπίκλην

378 1360 603 1409 Ἀντωνῖνος
624 1361 759 1417 εἴληφε
778 1361 850 1414 τὴν
867 1360 1101 1416 μοναρχίαν,

386 1426 550 1484 αἲσχρός
568 1446 628 1477 τις
647 1428 748 1485 ἀνὴρ
768 1429 834 1469 καὶ
850 1427 968 1470 πλέον
984 1424 1211 1483 μιαιφόνος,

671 1545 864 1588 Μακρῖνος
884 1543 946 1578 καὶ
959 1539 1121 1590 ’Ἀρβιτος
1142 1541 1203 1587 ἔτη
1227 1541 1271 1576 δ’.

384 1620 450 1659 καὶ
467 1620 680 1675 Μακρῖνος
698 1616 916 1673 βράχιστον
938 1608 1062 1673 ἄρξας
1081 1617 1150 1659 τὸν
1167 1614 1325 1674 χρόνον.

386 1691 468 1727 εἶτα
491 1685 774 1741 κατωρχήσατο
794 1689 866 1738 τῆς
879 1687 1123 1741 κραταρχιάς

274 1755 354 1794 160
386 1757 522 1807 κλῆσιν
533 1753 735 1810 Ἄρβιτος,
768 1751 1088 1810 Σαρδανάπαλος
1106 1750 1235 1803 θέσιν,

252 1904 352 1938 rium.
400 1903 500 1949 (145)
522 1904 585 1939 sub
607 1915 648 1938 eo
673 1903 850 1946 clemens,
870 1905 1071 1937 stromatum
1091 1903 1213 1936 auctor
1231 1899 1390 1947 sapiens,
1413 1901 1691 1949 Pmtaenusque,

253 1950 436 1985 orthodoxi
459 1951 557 1985 ambo
581 1949 851 1996 praedicatores.

759 2026 927 2061 Pertinax
950 2030 983 2060 et
1008 2026 1184 2063 lulianus.

340 2085 424 2119 Mox
446 2083 630 2130 imperavit
650 2084 836 2127 Pertinax,
861 2083 1079 2126 grandaevus
1102 2094 1228 2126 senex,
1254 2081 1316 2126 qui
1337 2082 1373 2115 in
1397 2081 1472 2115 aula
1494 2081 1613 2127 palatii
1634 2082 1690 2118 in·

249 2131 413 2164 terfectus
448 2136 513 2163 est.
560 2133 800 2173 sceptrumque
831 2128 979 2172 arripuit
1000 2127 1147 2161 Romani
1168 2127 1306 2173 imperii
1327 2127 1428 2171 (150)
1450 2127 1551 2162 brevi
1573 2129 1692 2162 admo-

249 2176 328 2210 dum
351 2180 506 2221 tempore
527 2174 680 2209 Iulianus
703 2174 838 2210 Didius.

813 2251 961 2284 Severus
984 2261 1045 2283 an.
1071 2251 1126 2285 18.

336 2309 430 2343 Hinc
455 2309 626 2351 Severus,
656 2306 804 2340 hostium
826 2306 862 2339 in
885 2306 1026 2350 proeliis
1049 2306 1217 2350 domitor,
1242 2305 1338 2340 dirus
1361 2305 1494 2349 piorum
1518 2303 1690 2339 Christia-

248 2365 366 2388 norum
392 2358 612 2399 persecutor-3
646 2354 709 2386 snb
741 2363 809 2397 quo
840 2362 916 2385 cum
946 2351 1022 2385 aliis
1048 2357 1149 2396 pater
1171 2362 1308 2395 quoque
1330 2350 1494 2395 Origenis
1515 2350 1691 2385 Leonidas

248 2399 406 2443 martyrii
428 2409 587 2433 coronam
610 2397 757 2433 rettulit.

690 2474 891 2508 Antoninus
916 2474 1105 2507 caracalla
1128 2485 1190 2509 an.
1213 2475 1248 2509 7.

338 2531 440 2576 (155)
463 2532 574 2566 Huius
598 2530 758 2566 exstincti
780 2530 1008 2564 monarchiam
1030 2529 1168 2574 excepit
1189 2528 1382 2564 Antoninus
1403 2527 1602 2573 cognomine
1619 2527 1688 2561 Ca-

252 2577 395 2622 racalla,
418 2578 538 2612 foedus
562 2579 662 2612 homo
685 2582 721 2612 et
742 2576 887 2610 maxime
908 2575 1161 2619 sanguinarius.

702 2654 889 2689 Macrinus
913 2658 946 2687 et
968 2653 1094 2686 Avitus
1117 2662 1179 2687 an.
1202 2652 1237 2686 4.

340 2709 430 2744 Tum
454 2714 490 2744 et
510 2710 685 2746 Macrinus
708 2709 911 2746 brevissime
930 2707 1127 2753 imperavit.
1174 2706 1299 2741 deinde
1328 2707 1365 2740 in
1393 2703 1537 2749 imperio
1561 2702 1689 2745 debac-

252 2755 371 2790 ebatur
393 2760 446 2791 est
468 2756 567 2801 (160)
590 2757 725 2792 nomine
747 2756 891 2799 Avitus,
913 2754 1113 2799 cognomine
1135 2751 1412 2798 Sardanapalus,
1436 2749 1556 2795 Priapi
1578 2748 1690 2794 quod-
