1786 3080
219 120 319 166 280
766 122 1117 168 EPHRAEMIUS

352 235 420 277 καὶ
439 234 541 292 πρὸς
559 233 762 289 Δεβελτὸν
782 235 1027 290 ἀπέδρασεν,
1062 234 1117 288 ὥς
1134 235 1248 296 ἔφην,

353 302 480 353 εὗθῦς
501 301 739 360 ἀνηγόρευτο
762 303 863 361 πρὸς
882 305 1092 360 γερουσίας

215 375 329 415 6880
346 369 544 422 Ἰσαάκιος
564 371 754 425 βασιλεὺς
770 371 898 429 πηρὸς
919 370 1020 429 φάη,

349 439 506 495 εἱρκτῆς
522 456 563 482 τε
584 441 742 494 δεσμῶν
759 439 919 491 ἀνεθεὶς
935 439 1188 497 παραλόγως,

351 509 633 564 καθείργνυται
651 508 695 550 δὲ
711 509 872 562 βασιλὶς
887 507 1147 566 Εὗφροσύνη.

350 573 406 625 ὡς
428 576 470 617 δ’
494 576 705 631 ε’γκατέστη
728 577 794 620 καὶ
812 575 932 619 πάλιν
950 578 1188 636 κραταρχίᾳ,

349 645 488 698 τίθησι
511 645 632 698 δῆλον
653 647 732 688 πᾶν
750 644 795 687 τὸ
815 644 977 700 συμβὰν
995 647 1207 695 Λατίνοις.

217 713 329 756 6885
357 712 395 754 οἱ
415 712 458 754 δ’
481 711 568 754 υἱὸν
587 711 853 765 ἐκπέμπουσιν
871 713 981 771 αὐτῷ
998 714 1072 757 σὺν
1090 711 1215 768 τάχει,

350 778 397 830 ὃς
419 779 563 834 ἠξίωτο
585 785 778 837 πατρικῆς
796 783 1007 839 συνεδρίας

351 849 555 899 κοινωνίας
574 865 617 891 τε
637 854 709 892 rof
729 849 935 903 βασιλείου
956 848 1149 907 κράτους·

348 918 416 958 καὶ
433 920 512 967 πᾶς
527 916 705 973 προσιὼν
725 919 911 972 δημοτῶν
929 923 1009 961 τῶν
1030 919 1071 959 ἐν
1092 917 1194 961 τέλει

348 985 502 1041 ἀμφοῖν
520 988 696 1042 προσῆγε
716 983 984 1042 προσκύνησιν
1004 987 1070 1028 καὶ
1090 986 1225 1040 σέβας.

213 1056 324 1097 6890
347 1052 449 1107 μετὰ
468 1052 602 1110 βραχὺ
624 1052 669 1095 δὲ
687 1055 753 1096 καὶ
770 1051 977 1110 πρόκριτοι
995 1055 1190 1099 Λατίνων

348 1127 434 1170 τοῖς
451 1121 671 1175 βασιλείοις
690 1119 995 1179 παραβαλόντες
1013 1120 1165 1175 δόμοις,

350 1193 477 1242 τιμῶν
496 1187 681 1242 τυχόντες
701 1191 861 1246 δωρεῶν
878 1189 919 1232 τ’
944 1185 995 1231 αὖ
1013 1188 1210 1246 ἀφθόνων

351 1252 477 1307 αὖθις
493 1256 791 1311 ἀπηλλάττοντο
811 1258 885 1301 σὺν
901 1258 1074 1317 εὐταξίᾳ.

351 1323 508 1375 τούτοις
524 1325 715 1378 βασιλεὺς
734 1327 920 1381 δαψιλῶς
938 1326 1038 1369 καθ’
1059 1323 1215 1384 ἡμέραν

216 1395 327 1437 6895
350 1391 448 1443 ὅλας
465 1391 683 1444 θαλάσσας
697 1392 918 1451 χρημάτων
935 1389 985 1449 ἦν
1003 1395 1201 1451 παρέχων,

351 1463 385 1504 εἲ
404 1463 471 1503 καὶ
490 1462 604 1519 σφίσι
623 1462 778 1519 κέκριτο
798 1461 909 1520 ῥανίς
923 1480 984 1512 τις
999 1460 1109 1506 τάδε.

346 1528 507 1586 χρῄζων
526 1528 572 1571 τὸ
589 1529 727 1573 λοιπὸν
748 1528 939 1573 πλειόνων
957 1532 1015 1581 εἷς
1036 1529 1217 1586 δαπάνην

350 1601 431 1640 τῶν
451 1597 565 1653 ἱερῶν
588 1596 726 1653 ἥψατο
751 1602 827 1656 φεῦ
847 1600 1058 1652 κειμηλίων

352 1668 504 1707 σκευῶν
522 1681 564 1707 τε
585 1666 707 1709 θείων
727 1667 793 1708 καὶ
813 1670 1020 1719 σεβαστῶν
1041 1662 1223 1708 εἰκόνων·

219 1734 329 1776 6900
352 1733 419 1775 καὶ
440 1734 567 1775 τῶνδε
586 1731 737 1788 κόσμον
758 1733 963 1788 ἀθεμίτως
983 1731 1201 1787 λαμβάνων

352 1798 408 1851 ὡς
426 1800 556 1843 κοινὸν
575 1801 765 1859 ἀργύριον
782 1801 808 1856 ἢ
828 1803 896 1844 καὶ
910 1802 1080 1858 χρυσίον

353 1875 539 1927 παρεῖχεν
556 1869 721 1927 ἐχθροῖς
735 1870 901 1920 Ἰταλοῖς
915 1868 1028 1912 τόνδ’
1051 1867 1262 1926 ἀφθόνως.

442 1931 573 1988 Οὗτος
589 1939 815 1989 Πισσαιόυς
828 1937 1007 1988 Ἰταλοὺς
1023 1937 1119 1988 τοὺς
1137 1939 1178 1982 ἓν
1195 1936 1322 1990 πόλει,

355 2003 580 2062 διαφόρους
598 2004 717 2057 ὄντας
731 2023 775 2062 γε
794 2013 878 2057 τοῖς
895 2006 1129 2057 Βενετίκοις,

438 2099 531 2134 6886
555 2098 606 2140 ὥς
630 2100 662 2134 V

224 2179 265 2209 ut
284 2175 452 2221 diximus,
483 2177 653 2223 profugit,
686 2189 709 2213 a
731 2184 853 2214 senatu
878 2179 1036 2225 protinus
1058 2177 1247 2224 imperator
1278 2177 1406 2222 (6880)
1428 2188 1552 2212 caecus
1573 2177 1671 2213 Isaa-

224 2221 299 2255 cius
323 2226 377 2256 est
399 2222 624 2267 acclamatus,
654 2235 794 2259 carcere
826 2237 889 2260 suo
923 2230 1064 2270 praeter
1086 2236 1181 2270 spem
1206 2223 1362 2258 emissus.
1406 2229 1529 2258 contra
1550 2224 1673 2268 regina

226 2267 462 2312 Euphrosyne
490 2269 668 2304 custodiae
698 2271 859 2308 traditur.
905 2271 964 2304 ille
991 2277 1134 2324 recepto
1163 2269 1289 2303 iterum
1320 2269 1466 2314 imperio
1494 2271 1674 2314 peractam

226 2324 300 2347 rem
322 2313 499 2358 siguificat
520 2314 679 2357 Latinis3
701 2317 823 2360 (6885)
847 2316 907 2361 qui
931 2316 1045 2350 statim
1069 2315 1140 2360 ipsi
1161 2314 1366 2349 remiserunt
1386 2315 1504 2357 filium,
1529 2321 1568 2349 ut
1591 2326 1675 2349 con-

227 2357 359 2392 sideret
387 2370 462 2393 cum
494 2366 639 2405 parente
669 2361 806 2394 domino
828 2362 1028 2407 sociumque
1051 2361 1214 2394 honorem
1238 2360 1414 2394 obtineret
1433 2359 1545 2404 regni.
1591 2365 1676 2394 tunc

228 2403 412 2438 universus
443 2405 590 2450 populus
622 2417 698 2440 cum
731 2406 988 2451 magistratibus
1017 2407 1155 2451 utrique
1189 2405 1289 2439 simul
1314 2405 1451 2440 domiuo
1475 2405 1675 2450 obsequium

229 2449 367 2482 obtulit.
395 2451 519 2494 (6890)
543 2451 646 2496 paulo
671 2457 751 2496 post
771 2452 873 2486 etiam
897 2453 1004 2487 duces
1026 2451 1228 2487 Latinorum
1251 2463 1325 2485 cum
1348 2451 1393 2484 ad
1413 2450 1549 2494 regales
1570 2450 1676 2484 aedes

229 2505 268 2526 se
298 2495 540 2540 contulissent,
574 2497 760 2531 honoribus
787 2498 904 2531 affecti
925 2497 1094 2543 donisque
1115 2497 1303 2531 innumeris
1328 2495 1439 2540 quieti
1458 2500 1678 2530 recesserunt

229 2549 303 2572 cum
327 2546 423 2574 recto
446 2541 581 2576 ordine.
613 2542 668 2577 his
690 2542 878 2588 imperator
901 2544 1031 2577 affatim
1055 2542 1211 2597 quotidie
1232 2542 1361 2585 (6895)
1384 2541 1491 2574 maria
1505 2540 1676 2586 pecuniae

228 2584 266 2617 in
298 2583 410 2619 sinum
442 2586 645 2632 ingerebat,
683 2598 875 2633 quanquam
899 2589 986 2622 haec
1007 2589 1094 2633 ipsis
1116 2587 1324 2622 videbantur
1345 2591 1478 2630 guttae.
1523 2597 1603 2619 mox
1629 2585 1675 2620 ad

228 2628 401 2674 impensas
423 2630 563 2676 indigus
586 2633 754 2679 pecuniae
775 2634 892 2677 coepit
912 2634 1064 2677 diripere
1085 2645 1203 2667 sacros
1225 2633 1417 2675 thesauros,
1437 2641 1522 2665 vasa
1542 2629 1673 2672 divina,

228 2676 448 2710 venerandas
466 2683 611 2722 statuas,
636 2679 760 2722 (6900)
782 2679 907 2722 quibus
932 2679 1052 2713 illicite
1074 2679 1260 2713 detrahens
1282 2683 1450 2719 ornatum,
1472 2681 1675 2718 argenteos-

230 2730 298 2765 que
322 2725 358 2753 et
381 2732 505 2755 aureos
526 2734 680 2758 nummos
701 2725 873 2764 onustam,
902 2725 1058 2759 hostibus
1079 2725 1176 2768 large
1201 2723 1432 2768 profundebat
1451 2720 1560 2754 Italis.

320 2765 358 2800 Is
389 2772 425 2801 et
454 2767 601 2804 Pisanos
631 2769 728 2805 urbis
757 2769 942 2816 inquilinos
974 2770 1120 2805 antehac
1143 2782 1165 2805 a
1186 2767 1330 2804 Venetis
1353 2766 1433 2802 odio
1454 2765 1677 2811 dissidentes,
