1786 3080
245 161 308 210 34
796 160 1145 206 EPHRAEMIUS

376 272 559 328 λαμπρὸν
582 270 798 316 Θεοδόσιον
819 275 923 316 αἲτεῖ
936 271 1192 327 συμμάχους·

378 339 400 383 ὅ
419 340 460 382 δ’
486 336 536 382 αὗ
557 339 698 395 ἓδήλου
717 342 774 396 μὴ
794 342 1007 396 τεθηπέναι
1027 341 1163 396 λέγων,

380 410 414 450 εἰ
437 409 577 457 δοῦλος
596 407 652 450 ὢν
672 408 867 463 Μάξιμος
889 408 1014 466 ὤφθη
1035 407 1228 451 δεσπότου

376 474 589 532 ὖπὲρτερός
606 493 647 518 τε
665 478 730 518 καὶ
749 477 908 531 νικητὴς
923 479 962 519 ἐν
978 475 1138 530 μάχαις,

259 547 341 589 610
376 547 450 586 σοῦ’
471 542 665 597 δεσπότην
684 545 755 587 σὸν
777 543 1041 599 ἧθετηκότος,
1074 542 1236 599 κράτορ,

378 612 443 652 καὶ
463 609 576 652 τόνδε
598 610 755 663 δούλοις
776 611 1215 668 συγκατηριθμηκότος,

378 676 619 735 σύμμορφον
637 678 731 721 ὄντα
750 684 807 736 τῷ
825 682 943 732 πατρὶ
962 679 1055 721 κατ’
1078 681 1230 722 οὐσίαν.

379 744 487 798 ὅμως
510 746 754 800 στρατεύσας
776 747 877 789 κατὰ
899 748 1094 800 Μαξίμου
1115 745 1274 804 κράτωρ

380 813 507 854 ἀνεῖλε
527 819 666 856 τοῦτον
683 813 989 870 κατακρατήσας
1003 813 1127 870 μάχῃ.

263 881 344 923 615
379 885 445 921 καὶ
466 880 537 932 τὴν
557 883 733 938 κεφαλὴν
751 884 775 924 δ
781 883 791 898 '
812 883 1103 939 Ἀνδραγαθιόυ
1120 881 1266 935 τέμνει,

367 946 577 1002 ,ἐκπράξας
600 949 720 991 αὐτὸν
742 948 915 1000 εὐθύνας
935 949 1008 999 τὰς
1027 954 1098 991 τοῦ
1119 948 1260 1006 φόνου.

376 1019 503 1065 ταῦτα
524 1016 679 1066 διαθεὶς
698 1018 887 1070 βασιλεὺς
904 1015 1160 1074 ὕποστρὲφει.

383 1082 696 1140 Οὗαλεντινιανῷ
721 1085 763 1126 δ’
791 1081 842 1127 αὖ
863 1086 1040 1142 νεωτέρῳ

379 1149 545 1205 ἀντῆρεν
562 1152 769 1205 Εὖγὲνιος,
804 1150 860 1202 εἷς
880 1156 958 1194 τῶν
978 1154 1018 1194 ἓν
1036 1152 1157 1194 τέλει’

264 1218 348 1258 620
381 1218 446 1257 καὶ
465 1217 582 1271 γνοὺς
599 1218 645 1260 τὸ
666 1221 826 1275 δρᾶμα,
861 1222 1073 1272 συσχεθεὶς
1087 1218 1187 1270 ἅναξ
1207 1215 1324 1275 φόβῳ

380 1281 521 1325 ἑαυτὸν
538 1284 723 1340 ἐξήγαγεν
743 1284 891 1343 ἀγχόνῃ
907 1288 1014 1340 βίου.

542 1387 740 1430 Θεοδόσιος
761 1387 782 1425 ὁ
805 1388 918 1434 μέγας
940 1388 1002 1433 ἔτη
1027 1387 1083 1431 ιζ’.
1129 1389 1165 1424 oz
1188 1387 1228 1424 δὲ
1252 1386 1313 1433 ἔτη
1337 1386 1396 1428 ις’.

375 1460 498 1502 ,Ἀλλὰ
522 1460 739 1512 Θεοδόσιος
756 1461 1081 1519 Αὖσονοκράτωρ

382 1527 693 1585 ἐπιστρατεύσας
713 1532 779 1571 καὶ
801 1530 921 1571 πάλιν
938 1531 1113 1586 Εὐγενίῳ

383 1597 519 1637 κτείνει
537 1613 577 1638 τε
597 1602 737 1639 τοῦτον
754 1597 961 1651 ἐκνικήσας
979 1599 1020 1639 ἓν
1028 1595 1150 1653 ’μάχῃ

267 1663 348 1704 625
383 1664 449 1703 καὶ
466 1662 666 1715 βασιλεύει
683 1666 748 1706 καὶ
766 1669 900 1721 μερῶν
915 1669 986 1719 τῆς
1004 1663 1187 1721 ἑσπέρας.

384 1731 477 1785 πρὶν
495 1729 521 1783 ἢ
545 1730 586 1771 δ’
610 1729 786 1787 ὑπάρξαι
804 1732 900 1774 τάδε
922 1730 1265 1787 κατορθωμάτων,

385 1795 486 1846 ἄναξ
505 1798 666 1848 ἐπιστὰς
687 1799 959 1855 Θεσσαλονίκῃ
979 1799 1091 1842 πόλει

387 1862 520 1916 δήμου
539 1864 827 1916 στασιάσαντος
844 1868 885 1917 ε”ξ
904 1867 1069 1916 ἀταξίας

386 1927 587 1987 ὑβρίζεται
603 1933 675 1985 μὲν
694 1928 810 1983 οὗτος
827 1934 963 1984 ἀστοῖς
983 1934 1138 1988 ἀνέδην,

271 1998 354 2037 630
390 1996 594 2054 φονεύεται
617 2001 656 2041 δ’
678 1999 857 2058 ὕπαρχος
873 2003 913 2043 ἓν
931 2005 982 2058 τῇ
1000 1999 1200 2056 συγχύσει.

252 2100 320 2134 tias
353 2101 455 2145 petit.
500 2102 560 2135 ille
593 2104 773 2147 respondit
801 2117 839 2139 se
869 2106 988 2140 mirari
1011 2107 1148 2141 minime
1171 2107 1202 2141 si
1225 2118 1345 2142 servus
1366 2107 1539 2143 Maximus
1562 2109 1699 2144 domino

252 2146 412 2189 superior
443 2147 551 2180 fuerit
579 2146 760 2193 ipsumque
792 2162 902 2196 nuper
934 2152 1009 2185 acie
1038 2153 1298 2196 profligaverit,
1337 2155 1440 2198 (610)
1473 2154 1632 2199 quoniam
1661 2161 1702 2190 tu

253 2190 423 2224 dominum
446 2197 560 2234 tuum,
587 2193 737 2237 Caesar,
761 2202 1017 2230 exauctoratum
1039 2198 1175 2231 famulis
1200 2209 1445 2242 connumeras,
1481 2199 1540 2244 qui
1564 2200 1701 2244 quidem

252 2235 347 2280 putri
370 2236 491 2270 similis
514 2238 707 2272 substantia
730 2245 796 2276 est.
845 2246 993 2274 attamen
1016 2242 1159 2286 sumptis
1182 2243 1285 2276 armis
1307 2243 1494 2288 imperator
1514 2244 1702 2280 Maximum

254 2279 387 2325 proelio
409 2287 606 2327 superatum
629 2283 768 2318 occidit.
816 2286 917 2329 (615)
948 2292 1019 2320 tum
1043 2287 1145 2320 etiam
1168 2287 1399 2332 Andragathio
1423 2295 1526 2335 caput
1548 2289 1701 2333 abstulit,

256 2335 387 2369 poenas
411 2328 453 2360 ab
477 2339 517 2360 eo
540 2333 703 2372 repetens
726 2330 841 2364 caedis
865 2331 994 2375 regiae.
1041 2331 1095 2365 his
1124 2333 1234 2376 gestis
1263 2333 1396 2367 domum
1421 2335 1612 2370 revertitur
1634 2335 1700 2369 im-

259 2375 412 2412 perator.
459 2373 522 2405 sed
553 2385 633 2407 ecce
661 2385 780 2409 rursus
802 2375 1043 2410 Valentiniano
1065 2377 1182 2411 iuveni
1207 2377 1337 2412 aulicus
1363 2380 1417 2413 vir
1435 2380 1616 2424 Eugenius
1636 2380 1701 2415 ad-

260 2416 434 2448 versarius
457 2417 587 2459 oritur;
611 2419 712 2461 (620)
735 2431 804 2464 qua
825 2432 865 2455 re
886 2428 1062 2466 comperta
1083 2427 1176 2457 metu
1198 2430 1378 2469 correptus
1398 2425 1529 2461 Caesar
1542 2426 1620 2472 ipse
1632 2424 1701 2460 sibi
1722 2459 1724 2461 .

261 2457 384 2503 laqueo
405 2461 511 2496 vitam
532 2463 732 2510 interrupit.

619 2539 835 2577 Theodosius
861 2541 1028 2588 Magnus
1053 2554 1113 2580 an.
1140 2546 1183 2580 17
1208 2546 1261 2579 vel
1287 2547 1342 2581 16.

352 2592 398 2626 At
431 2593 650 2631 Theodosius
680 2597 853 2633 Ausonum
877 2598 1066 2644 imperator
1085 2601 1280 2646 Eugenium
1302 2614 1439 2648 quoque
1462 2603 1575 2649 captis
1597 2603 1702 2638 armis

291 2647 476 2680 ersequens
504 2642 634 2683 proelio
664 2643 837 2678 devictum
866 2645 941 2678 vita
973 2645 1117 2690 spoliat,
1155 2648 1258 2692 (625)
1288 2660 1465 2694 regnoque
1493 2660 1556 2683 suo
1583 2653 1702 2693 partes

263 2649 445 2727 Hesperias
465 2685 572 2720 addit.
620 2694 799 2733 antequam
821 2694 935 2723 tamen
957 2689 1043 2724 haec
1065 2693 1242 2735 praeclare
1261 2698 1418 2739 gereret,
1453 2693 1704 2728 Thessalonica

267 2727 305 2760 in
325 2728 410 2761 urbe
434 2727 565 2763 Caesar
585 2743 726 2767 versans
738 2760 748 2777 ,
770 2739 846 2768 orto
867 2746 930 2779 per
951 2735 1111 2780 populum
1130 2743 1221 2772 motu
1239 2739 1405 2774 seditioso
1417 2765 1427 2783 ,
1448 2738 1704 2773 contumeliosis

269 2771 395 2806 civium
417 2772 520 2808 dictis
539 2774 615 2819 ipse
638 2777 809 2824 laeditur,
842 2779 944 2824 (630)
965 2786 1071 2826 atque
1093 2781 1130 2816 in
1150 2784 1295 2819 tumultu
1317 2784 1472 2820 caeditur
1492 2784 1703 2830 praefectus.
