1786 3080
231 140 330 192 394
778 148 1130 195 EPHRAEMIUS

359 255 457 299 κάπὶ
481 260 692 313 φυλακῶν,
727 260 928 316 δυσσεβὴς
943 263 1114 313 Παῦλος
1133 263 1269 319 σέβας,

228 327 340 369 9830
364 324 673 383 παρεισεφθάρη
694 330 863 387 ποιμνίῳ
881 347 941 380 τις
961 329 1016 380 ὥς
1035 329 1174 382 λύκος·

361 388 482 450 οὗπερ
502 392 700 445 θανόντος
718 397 924 450 δυσσεβῶς
942 398 982 440 ἓν
1002 404 1059 458 τῷ
1077 398 1217 460 θρόνῳ

362 464 428 504 καὶ
450 459 569 504 πάλιν
590 461 764 517 ἀπέλαβε
783 464 852 506 τὸν
873 463 1025 522 θρόνον
1042 466 1224 525 Πύρρος.

442 528 542 572 Εἶτα
559 531 719 587 Πέτρος
734 529 920 583 κάκιστος
939 533 1028 588 ἴσχε
1045 535 1114 578 τὸν
1130 535 1294 596 θρόνον,

359 597 568 652 ἐκκλησίας
592 597 647 641 ὢν
669 600 825 655 λευίτης
845 601 1131 660 πτωχοτρόφος

224 666 334 708 9835
359 667 425 707 καὶ
446 665 774 724 ῥαιφερενὸάριος
794 671 859 711 καὶ
879 669 1114 726 γηρωκόμος

358 738 432 776 τοῦ
449 734 553 776 κατὰ
568 733 772 779 Νεάπολιν
789 740 981 792 πτωχείου
1002 737 1104 791 τότε,

357 801 555 859 σύμφρων
579 804 745 860 Σεργίου
766 807 832 846 καὶ
852 805 1025 864 Πύρρου
1044 809 1110 850 καὶ
1128 806 1315 852 Παύλου.

324 863 336 871 ’
442 868 599 913 Τούτου
619 870 817 923 θανόντος
833 873 902 916 τὸν
921 877 1086 917 διπλοῦν
1105 874 1229 928 ὅντως
1243 875 1371 935 μόρον

361 937 514 992 Θωμᾶς
534 956 593 989 τις
613 938 755 992 ἄλλος,
783 940 1026 997 ὄρθοδοξίας
1045 944 1175 1000 φίλος,

221 1003 333 1048 9840
356 1005 564 1061 ἐκκλησίας
583 1005 782 1065 τρόφιμος
802 1008 858 1051 ὢν
879 1012 944 1052 καὶ
967 1012 1134 1066 λευίτης,

351 1077 538 1132 Χριστοῦ
558 1079 690 1126 καλῶς
708 1076 821 1119 ἴθυνε
839 1077 913 1133 τὴν
929 1078 1151 1133 ἐκκλησίαν.

439 1137 574 1200 Οὗπερ
591 1144 911 1197 μεταλλάξαντος
927 1146 1100 1200 εὐσεβῶς
1115 1148 1206 1202 βίον

349 1209 533 1266 Ἰωάννης
552 1212 688 1269 εἴληφε
709 1213 781 1268 τὴν
798 1216 1026 1270 προεδρίαν,

352 1276 482 1333 θύτης
500 1297 542 1322 τε
560 1281 826 1337 πρωτέκδικος
845 1281 900 1324 ὢν
919 1283 1127 1338 ἐκκλησίας

219 1344 328 1390 9845
352 1348 419 1388 καὶ
441 1346 693 1406 σκευοφύλαξ
716 1347 931 1405 σύγκελλος
951 1349 1160 1406 οἰκονόμος

350 1414 587 1471 γηρωκόμος
607 1434 648 1459 τε
664 1415 823 1461 Ῥωσιῦν
845 1417 1152 1476 Δεξιοκράτους,

350 1484 520 1538 ποίμνην
540 1487 724 1540 ποδηγῶν
742 1486 842 1542 πρὸς
859 1487 985 1541 νομὰς
1002 1484 1303 1544 ψυχοτρόφους.

437 1550 595 1594 Τούτου
618 1551 818 1603 θανόντος
840 1556 1141 1606 Κωνσταντῖνος
1159 1556 1313 1610 λευίτης

350 1620 417 1659 καὶ
438 1618 690 1676 σκευοφύλαξ
708 1625 779 1675 τῆς
798 1625 900 1663 θεοῦ
920 1622 960 1677 γ’
985 1624 1206 1677 ἐκκλησίας,

217 1685 328 1728 9850
351 1687 607 1742 περιοὸευτὴς
629 1686 794 1747 Θρᾴκης
807 1690 1082 1741 Μακεδονίας,

349 1753 571 1809 ἀρχιθύτης
593 1756 765 1798 §mano
786 1761 856 1810 τῆς
875 1757 1095 1811 ἐκκλησίας,

347 1825 567 1873 σπουδαῖος
585 1821 686 1880 ἀνήρ
697 1855 710 1875 ,
745 1823 1046 1882 εὐσεβοφρόνων
1063 1823 1188 1875 κλέος.

436 1891 592 1933 Τούτου
613 1889 910 1942 καταλύσαντος
927 1893 968 1935 ἓν
985 1891 1124 1951 θρόνῳ
1139 1894 1229 1947 βίον

430 2008 521 2046 9837
544 2003 594 2043 αὖ
618 2010 805 2054 ΣεργίουῩ
833 1986 836 1989 ¹

215 2117 290 2141 mus
322 2111 359 2142 et
388 2111 571 2154 sacerdos,
602 2121 743 2155 praeses
766 2111 961 2156 custodum,
991 2111 1151 2156 dogmate
1169 2121 1376 2157 perversae,
1409 2110 1533 2165 (9830)
1555 2115 1663 2144 semet

213 2152 298 2186 ovili
321 2155 469 2190 obtrusit
491 2161 651 2200 tanquam
674 2156 788 2201 lupus.
846 2161 928 2201 post
948 2167 1047 2202 quem
1070 2157 1268 2191 defunctum
1288 2156 1394 2203 impie
1414 2168 1452 2190 m
1472 2155 1663 2190 ministerio

213 2199 329 2232 sedem
354 2202 575 2246 recuperavit
597 2201 708 2235 denuo
729 2201 900 2246 Pyrrhus.

305 2245 439 2281 Deinde
468 2247 593 2282 Petrus
618 2247 785 2291 pessimus
810 2249 854 2282 ad
876 2248 992 2282 sedem
1016 2247 1130 2292 venit,
1163 2246 1271 2282 levita
1293 2246 1481 2291 ecclesiae,
1518 2257 1661 2293 praeses
1695 2259 1697 2261 ·

212 2291 491 2337 ptochotrophii,
523 2293 648 2336 (9835)
678 2293 956 2336 referendarius,
990 2298 1196 2338 curatorque
1227 2304 1346 2327 senum
1368 2293 1405 2326 in
1428 2304 1470 2327 eo
1492 2293 1584 2336 quod
1606 2297 1661 2326 est

214 2336 362 2381 Neapoli
385 2337 657 2383 ptochodocffio,
681 2338 797 2381 Sergii
818 2339 1014 2383 Pyrrhique
1037 2344 1073 2373 et
1095 2338 1194 2373 Pauli
1216 2344 1354 2373 sectans
1377 2338 1560 2372 haeresim.

304 2383 381 2417 Hoc
405 2395 527 2429 passo,
550 2389 589 2418 ut
611 2395 694 2417 vere
715 2383 845 2427 dicam,
869 2391 1011 2418 mortem
1031 2383 1216 2429 duplicem,
1239 2384 1327 2418 alius
1343 2383 1515 2426 Thomas,
1538 2381 1658 2417 ortho-

213 2426 338 2462 doxiae
369 2441 507 2472 amans,
546 2430 669 2473 (9840)
702 2428 762 2473 qui
795 2430 964 2464 ecclesiae
987 2429 1142 2464 alumnus
1165 2433 1241 2464 erat
1263 2434 1300 2464 et
1320 2429 1448 2473 levita,
1481 2428 1660 2474 praeclare

212 2473 420 2516 gubernavit
442 2475 574 2509 Christi
596 2474 785 2511 ecclesiam.

302 2519 416 2564 Atque
440 2520 505 2554 hoc
527 2521 585 2565 pie
606 2520 829 2554 concludente
851 2520 970 2565 vitam,
993 2519 1229 2565 pontificatum
1254 2519 1341 2553 adiit
1361 2519 1520 2562 Ioannes,
1541 2528 1659 2552 sacer-

213 2562 276 2597 dos
301 2569 336 2598 et
358 2566 577 2611 protecdicus
601 2566 788 2608 ecclesiae,
825 2566 948 2610 (9845)
969 2566 1224 2610 sceuophylax,
1254 2564 1426 2609 syncellus
1450 2569 1486 2598 et
1507 2573 1658 2598 oecono-

211 2620 297 2653 mus,
322 2615 358 2643 et
379 2612 566 2655 gerocomii
588 2612 758 2646 Rosorum
780 2611 999 2646 Dexiocratis
1022 2611 1232 2656 praefectus,
1256 2615 1375 2655 pastor
1398 2609 1491 2644 utilis
1514 2607 1611 2661 qvili.
1633 2652 1643 2662 .

303 2654 382 2696 Quo
405 2658 591 2700 moriente,
615 2656 721 2691 levita
743 2655 1011 2700 Constantinus,
1040 2667 1200 2691 vasorum
1222 2659 1337 2690 custos
1359 2654 1396 2688 in
1419 2654 1565 2688 ecclesia
1586 2653 1657 2696 del,

212 2699 338 2744 (9850)
361 2701 564 2745 periodeuta
587 2701 761 2737 Thraciae
786 2706 821 2735 et
844 2702 1088 2747 Macedoniae,
1124 2702 1169 2736 ad
1192 2701 1359 2736 ecclesiae
1381 2703 1579 2734 sumntum
1603 2704 1658 2732 est

211 2750 419 2790 provectus,
446 2749 612 2794 probatus
635 2747 691 2782 vir
715 2752 751 2781 et
772 2747 876 2781 decus
901 2747 1179 2782 orthodoxorum.
1519 2788 1527 2797 ·
1565 2787 1574 2796 .
1643 2787 1654 2795 ⁶

300 2792 379 2827 Hoc
408 2793 445 2827 in
476 2804 636 2840 suprema
669 2793 831 2828 cathedra
860 2792 1057 2837 demortuo,
1093 2804 1194 2828 sacer
1215 2791 1421 2828 Theodorus
1444 2788 1577 2832 Christi
1597 2788 1655 2823 dei
