1786 3080
203 142 297 191 194
745 147 1096 194 EPHRAEMIUS

332 258 453 302 ἐκεῖσ’
480 259 712 314 ἐνηυλίσατο
734 260 807 303 σὺν
824 259 971 312 πάσαις
987 259 1108 314 ἴλαις,

198 327 307 371 4635
335 326 456 371 αῧτόν
475 345 516 370 τε
533 327 704 384 στρατὸν
726 328 942 373 ἀναπαύων
961 331 1003 372 ἐκ
1022 329 1164 373 πόνων.

335 394 409 439 εἶτ’
430 398 484 446 εἷς
506 397 800 454 Φιλαδέλφειαν
817 392 889 459 ἧκε
909 398 981 453 τὴν
1001 396 1129 451 πόλιν,

333 464 452 507 κᾶκεΐ
465 465 693 522 διατέτριφε
714 462 862 520 συχνὰς
882 464 1053 522 ἡμέρας·

330 532 409 590 ἀφ’
435 527 483 574 οὗ
501 533 722 590 πεπομφὼς
743 534 930 590 ἀγγέλους
952 536 1184 586 Βυζαντίοις

332 601 382 643 τὰ
405 599 690 655 συμβεβηκότα
710 619 753 657 γε
772 601 901 646 πάντα
922 601 1062 657 μηνύει

199 667 309 712 4640
331 669 403 711 καί
415 669 456 724 y'
478 670 724 726 ἐκτραγῳὸεΐ
734 676 948 727 συμφορᾶς
962 670 1079 726 ἶίγκον
1096 671 1215 730 λόγῳ.

333 738 415 778 ἐπεὶ
436 738 479 778 δὲ
498 736 728 793 Δορύλαιον
749 739 796 780 οὐ
815 737 1061 795 κατεσκάφη,

330 810 614 862 καταστροφῆς
630 823 672 861 γε
689 807 867 861 κειμένης
883 807 926 849 ἐν
941 805 1101 864 ὅρκιόις,

331 873 592 928 πρεσβεύεται
612 874 663 928 δὴ
683 874 783 930 πρὸς
801 879 1024 931 κρατοῦντα
1043 873 1274 925 σουλτάνος,

332 943 398 982 καὶ
420 945 499 984 τῶν
520 942 621 998 πρὸς
641 941 762 985 αὐτὸν
781 943 997 997 ἀνέμνησεν
1016 941 1180 998 ὅρκι’ων·

197 1009 306 1054 4645
331 1007 352 1050 ὅ
377 1008 417 1050 δ’
442 1009 488 1051 οὗ
508 1011 737 1064 προσίσχειν
755 1017 838 1060 τοῖς
857 1011 949 1053 κατ’
974 1009 1148 1065 ἀνάγκην
1170 1007 1332 1067 φράσας

329 1077 516 1132 πρέσβεις
534 1076 764 1133 ἀπράκτους
783 1079 1055 1129 ἐξαποστέλλει
1072 1077 1204 1120 πάλιν.

328 1148 466 1198 μανεὶς
486 1145 529 1187 ‹l'
552 1143 573 1187 ὃ
591 1147 777 1201 Πέρσης,
812 1147 1004 1202 στρατιὰν
1024 1147 1241 1203 ἀποκρίνας

330 1213 431 1269 πρὸς
450 1213 572 1255 εἷ’κοσι
593 1215 787 1269 τέτταρας
802 1215 1106 1271 ἄριθμουμένην

331 1282 372 1331 ἐς
385 1279 594 1335 χιλιάδας,
624 1281 819 1336 εὗσθενῆ,
847 1282 1071 1338 ῥωμαλέαν,

197 1349 309 1392 4650
332 1352 401 1391 καὶ
422 1347 707 1406 ταγματάρχην
726 1351 818 1406 τῇδ’
839 1350 1055 1405 ἐπιστήσας
1073 1351 1140 1392 ἵνα

331 1421 412 1459 τῶν
429 1415 504 1473 ὕφ’
527 1415 670 1460 ἑαυτὸν
687 1419 890 1473 ἐκπρεπῶν
907 1417 1168 1473 μεγιστάνων,

332 1485 424 1527 κατ’
448 1485 600 1527 ἀστέων
619 1486 802 1542 πέπομφε
823 1491 895 1540 τῆς
909 1484 1143 1540 ς13“ιι)μα·ι’·ὸ“ος

330 1557 410 1594 τῶν
431 1553 532 1608 πρὸς
553 1552 784 1610 ΖΠαιάνὸρῳ
803 1559 859 1610 τῷ
878 1558 1048 1610 ποταμῷ
1064 1553 1274 1607 κειμένων·

329 1619 375 1669 ὃς
398 1622 464 1661 καὶ
487 1619 766 1676 παρεστήσατο
789 1620 986 1676 Τράλλεις
1002 1621 1074 1675 τὴν
1094 1620 1209 1663 πόλιν

194 1687 305 1730 4655
330 1686 489 1741 Λοῦμά
508 1688 548 1730 τ’
569 1687 807 1742 Ἀντιόχειαν
824 1689 896 1742 τὴν
915 1689 1015 1745 πρὸς
1037 1690 1196 1748 Φρυγία

328 1757 395 1798 καὶ
413 1753 664 1810 Πεντάχειρα
684 1756 759 1799 σὺν
777 1755 971 1812 ἐρύμασιν
987 1755 1110 1807 ὅσοις,

328 1821 469 1876 κώμας
483 1822 706 1873 σκυλεύσας
721 1826 788 1866 καὶ
804 1825 1176 1878 παραθαλαττίους.

330 1891 434 1933 ἀλλὰ
455 1891 646 1944 βασιλεὺς
666 1892 932 1948 ἐκπεπομφὼς
953 1891 1143 1945 δυνάμεις

326 1958 419 2009 ἴλας
439 1976 480 2001 τε
502 1959 651 2013 συχνὰς
671 1961 739 2001 καὶ
760 1960 909 2010 καλοὺς
929 1960 1198 2016 στρατηγέτας

194 2024 305 2068 4660
328 2025 504 2083 ἦμύνατ’
522 2028 699 2084 ἐχθροὺς
716 2028 866 2071 ἀνελὼν
886 2029 989 2072 κατὰ
1007 2027 1169 2085 κράτος,

194 2198 372 2242 exercitu,
392 2196 533 2243 (4635)
563 2201 672 2232 semet
706 2202 743 2233 et
773 2197 915 2233 militem
948 2198 1108 2233 relaxans
1139 2197 1331 2233 laboribus.
1374 2195 1650 2243 Philadelphiam

194 2250 318 2289 postea
340 2255 546 2290 progressus
568 2243 619 2277 ibi
641 2243 820 2287 permultis
843 2244 998 2288 perstitit
1021 2244 1157 2278 diebus.
1204 2242 1300 2277 illinc
1328 2242 1530 2288 praemissis
1558 2253 1650 2276 uun-

195 2289 255 2324 tiis
279 2290 486 2333 Byzantium
509 2300 642 2322 omnem
667 2289 720 2322 rei
742 2296 864 2333 gestae
884 2289 1037 2323 ordinem
1063 2289 1226 2334 exponit,
1248 2287 1374 2333 (4640)
1395 2294 1434 2323 et
1452 2288 1565 2323 (lirum
1586 2298 1650 2321 cu-

195 2346 270 2368 sum
300 2334 418 2369 verbis
449 2346 519 2368 nou
549 2333 732 2368 imminuit.
779 2339 850 2368 tum
882 2335 964 2378 quia
994 2334 1203 2377 Dorylaeum
1238 2345 1307 2368 non
1337 2334 1513 2378 diruerat,
1551 2332 1651 2366 euius

197 2379 335 2414 eversio
359 2385 437 2414 rata
460 2384 536 2414 erat
555 2379 718 2423 foedere,
747 2379 842 2412 misit
863 2379 998 2423 legatos
1023 2379 1187 2413 Sultanus
1211 2380 1255 2413 ad
1279 2379 1485 2422 Caesarem,
1519 2378 1581 2424 qui
1604 2377 1650 2411 de

197 2424 312 2458 iurata
334 2426 558 2459 admonerent
578 2425 660 2458 fide.
687 2424 809 2468 (4645)
833 2425 965 2458 Caesar
987 2425 1117 2459 coactis
1138 2436 1208 2459 non
1230 2425 1388 2459 standum
1410 2424 1529 2458 dicens
1551 2423 1650 2468 lega-

196 2475 253 2503 tos
278 2481 317 2503 re
340 2471 472 2505 infecta
494 2471 539 2504 ad
561 2482 638 2505 eum
660 2469 806 2504 remisit.
852 2470 962 2504 Persa
990 2470 1131 2513 furens,
1158 2469 1289 2505 iterum
1312 2470 1456 2504 collecto
1481 2469 1650 2511 exercitu,

197 2514 325 2557 viginti
365 2521 529 2560 quattuor
569 2520 775 2550 armatorum
813 2515 948 2549 milibus
981 2527 1024 2549 ex
1054 2515 1224 2550 vaiidiore
1254 2515 1465 2550 delectorum
1493 2524 1650 2556 numero,

199 2557 323 2603 (4650)
353 2572 570 2606 praeponens
593 2560 679 2606 ipsis
702 2559 793 2594 bello
814 2561 966 2603 gerendo
989 2561 1109 2595 ducem
1134 2562 1179 2595 de
1203 2560 1275 2595 suis
1300 2560 1474 2595 nobilibus
1497 2558 1663 2603 satrapis,

198 2616 322 2647 unum,
345 2605 452 2640 mittit
473 2606 510 2640 in
535 2613 674 2640 nostrae
695 2605 843 2639 dicionis
866 2607 969 2640 urbes
991 2617 1082 2650 quae
1103 2607 1147 2640 ad
1174 2606 1400 2640 Maeandrum
1419 2605 1548 2639 flumen
1568 2607 1650 2638 sunt

197 2649 347 2695 positae.
393 2651 425 2684 is
459 2652 528 2686 dux
561 2651 699 2686 Tralles
729 2651 849 2684 urbem
878 2651 945 2685 sibi
972 2651 1146 2696 vindicat,
1181 2650 1307 2695 (4655)
1330 2651 1440 2684 Luma
1462 2654 1499 2684 et
1522 2649 1647 2683 Antio-

198 2695 309 2728 chiam
340 2695 378 2728 in
410 2696 566 2740 Phrygia
593 2697 714 2740 sitam,
747 2695 829 2730 item
853 2695 1063 2731 Pentachira
1085 2708 1161 2731 cum
1181 2696 1334 2731 castellis
1357 2695 1509 2740 aliquot,
1543 2698 1578 2728 at
1604 2704 1650 2727 ue

198 2740 387 2774 maritimos
417 2742 603 2786 populatur
629 2752 752 2786 pagos.
797 2741 861 2775 sed
883 2742 1016 2775 Caesar
1037 2742 1150 2776 missis
1169 2743 1242 2776 suis
1265 2740 1498 2784 exercitibus,
1533 2705 1649 2773 uuiltis

196 2786 393 2831 legionibus
415 2797 491 2821 cum
515 2788 667 2834 egregiis
688 2787 845 2832 ducibus,
867 2786 995 2832 (4660)
1020 2787 1138 2823 hostes
1161 2786 1362 2834 praevalida
1381 2797 1484 2822 manu
1503 2784 1650 2827 cecidit3
