1786 3080
223 120 288 167 96
777 120 1126 165 EPHRAEMIUS

222 235 333 278 2185
358 230 610 289 προύπεμπεν
628 229 712 275 οἷον
734 232 982 288 δεξιούμενος
999 234 1136 289 μέγαν.

359 299 381 342 ὃ
405 302 446 342 δ’
471 301 514 342 ἔκ
536 300 729 343 κελεύθου
751 301 1018 359 προσκύνησιν
1038 297 1087 357 ἦν
1109 302 1236 358 νέμων

359 374 420 426 τῷ
439 369 512 423 τὴν
531 370 773 426 προπομπὴν
792 368 1040 426 ηὗτρεπικότι
1061 372 1179 428 φίλῳ.

361 435 418 486 ὡς
439 437 542 487 εἰκὸς
562 437 726 490 οὐκοῦν,
761 434 1059 493 θαυμασάντων
1080 439 1273 481 ναυτίλων

358 507 426 547 καὶ
452 503 558 546 “τι’νι
581 503 874 562 προσκύνησιν”
913 504 1098 549 εἰπόντων
1125 504 1302 561 “ν«ε’,ιιει;δ

229 574 340 617 2140
362 567 390 627 ἦ
412 571 453 614 δ’
481 572 526 623 ὃς
545 578 767 630 προαθρῶν
794 572 992 633 κγεννάδα
1018 572 1230 632 Θεοφάνει,

364 639 588 698 ὅμολογητῇ
609 644 674 683 καὶ
695 646 882 696 μοναχῶν
899 640 1103 699 προστάτῃ

363 709 615 762 ἀσκουμένων
632 707 824 752 κάλλιστα
844 711 936 752 κατ’
952 710 1092 765 Ἀγρὸν
1110 706 1280 765 μέγαν.”

451 771 580 827 Οὗτος
598 778 807 833 κατασχὼν
825 778 999 832 ΙΥΙιχαὴλ
1016 779 1187 834 τραυλὸν
1204 776 1334 828 θέσιν,

363 847 444 902 ’ζῶν
461 845 548 887 τινὰ
568 850 761 902 λαμπρῶν
777 848 843 888 καὶ
861 844 1209 903 περιφανεστάτων

229 911 340 954 2145
363 913 431 953 καὶ
450 911 628 968 πρόσθεν
647 914 684 955 οἳ
704 916 831 971 φίλων
849 931 890 956 τε
910 915 975 956 καὶ
995 916 1241 968 τιμωμένων,

361 981 404 1021 ἐν
423 985 581 1037 φυλακῇ
602 983 739 1036 τίθησι
759 983 824 1024 καὶ
843 981 1094 1038 καθειργνύει
1106 996 1118 1007 ·

363 1045 445 1089 εἶτα
472 1049 746 1106 κατακέκρικεν
769 1050 890 1092 αὐτοῦ
916 1052 982 1092 καὶ
1001 1048 1130 1108 μόρον

363 1115 435 1157 τὸν
457 1117 523 1158 διὰ
544 1116 672 1174 πυρὸς
691 1115 717 1171 ἦ
737 1118 866 1174 μιαρὰ
884 1119 1043 1174 καρδία.

364 1185 431 1224 καὶ
452 1182 544 1237 τάχ’
566 1184 614 1226 ἂν
634 1184 815 1239 ἐξήνυσεν
833 1185 953 1228 αὐτὸν
971 1186 1128 1236 αὐτίκα,

230 1252 342 1294 2150
368 1253 405 1293 εἴ
423 1251 480 1305 μὴ
501 1255 661 1305 βασιλὶς
679 1253 822 1303 εὐνέτις
841 1248 889 1307 ἦν
908 1252 1098 1303 {vercing-

366 1320 446 1361 ἐπεὶ
471 1321 511 1360 δ’
540 1321 716 1377 ἀφείθη,
751 1322 923 1370 καλέσας
941 1320 1176 1374 συνωμότας

365 1389 599 1443 συνίστορας
622 1389 782 1442 ὁὲσμιος
805 1389 876 1439 οὓς
895 1388 984 1445 ἔδει
1004 1389 1138 1442 τάχος,

366 1455 440 1496 σὺν
459 1456 571 1511 σφίσι
592 1461 648 1513 τῷ
667 1458 819 1505 Λέοντι
839 1455 996 1498 καττύει
1015 1455 1148 1510 λόχον.

366 1522 412 1562 οἳ
424 1525 488 1563 καὶ
511 1523 601 1565 κατ’
627 1523 780 1580 ὄρθρον
804 1518 1130 1579 παραβυσθέντες
1150 1522 1290 1579 λάθρα

232 1591 341 1631 2155
367 1597 450 1639 τοῖς
467 1592 681 1642 βασιλείοις
698 1593 845 1633 παπιόυ
864 1593 1061 1650 συνεργία,

366 1659 408 1698 ἐν
428 1661 623 1713 κληρικῶν
642 1657 815 1712 σχήματι
833 1661 898 1700 καὶ
919 1658 1152 1715 ξιφηφόροι,

368 1723 423 1774 ὥς
448 1727 573 1779 δῆθεν
595 1726 817 1776 ἀνοίσοντες
839 1727 946 1784 ᾠδὰς
967 1727 1151 1782 ὂρθρίας,

370 1791 595 1849 σφάττουσι
614 1794 683 1836 τὸν
700 1794 863 1836 Λέοντα
882 1801 964 1844 τοῖς
980 1795 1168 1851 ξιφιδίοις

369 1862 410 1901 ἓν
430 1865 486 1917 τῷ
507 1866 583 1919 νεῷ
603 1860 812 1916 ψάλλοντα
835 1863 908 1904 σὺν
929 1863 1225 1918 κληρουμένοις,

234 1929 344 1970 2160
367 1929 458 1988 θείᾳ
481 1930 651 1986 τραπέζῃ
671 1929 998 1988 προσπεφευγότα
1019 1928 1149 1987 φόβῳ,

234 2124 360 2160 virum.
408 2124 558 2160 vicissim
581 2124 626 2159 de
648 2136 738 2160 nave
759 2123 818 2158 hic
839 2135 986 2158 cernuus
1005 2123 1171 2158 adorabat
1187 2122 1352 2166 amicum,
1373 2122 1433 2167 qui
1448 2126 1680 2157 transeuntem

235 2183 275 2205 se
307 2172 509 2205 honorabat.
554 2170 660 2215 igitur
692 2170 804 2204 nautis
834 2170 909 2203 iure
942 2169 1205 2211 demirantibus,
1241 2174 1277 2202 et
1309 2178 1486 2211 quemnam
1518 2169 1682 2202 adoraret

236 2217 513 2261 sciscitantibus,
548 2215 673 2260 (2140)
694 2211 906 2258 “inclytum'’
929 2214 1043 2259 inquit
1062 2211 1295 2255 “vaticinans,
1323 2213 1570 2258 Theophanem
1595 2225 1680 2247 con-

235 2262 403 2318 fessoregp
429 2268 466 2297 et
487 2261 724 2296 monachorum
747 2260 956 2307 praesidem,
981 2259 1040 2303 qui
1061 2265 1213 2294 sanctum
1235 2259 1439 2293 asceterium
1459 2259 1496 2293 iu
1517 2270 1600 2303 agro
1623 2258 1680 2292 in-

238 2307 366 2341 colunt.

327 2352 463 2388 Deinde
501 2352 575 2386 Leo
613 2350 747 2386 balbum
786 2349 1010 2392 Michaehm,
1051 2348 1265 2394 splendidum
1302 2348 1414 2382 virum
1451 2360 1495 2383 ex
1533 2348 1681 2393 optima·
1723 2376 1726 2378 .

236 2396 320 2431 tium
345 2409 504 2441 numero,
540 2398 663 2440 (2145)
686 2408 785 2441 quem
807 2396 972 2430 hactenus
997 2394 1139 2428 amicum
1162 2395 1198 2428 in
1221 2393 1297 2427 aula
1319 2394 1504 2436 habuerat,
1528 2394 1681 2427 vinctum

236 2443 367 2476 carceri
390 2443 498 2477 tradit
514 2442 792 2483 custodiendum
815 2453 894 2475 mox
914 2441 1016 2475 etiam
1038 2440 1159 2474 immiti
1182 2440 1293 2473 animo
1317 2440 1472 2473 decernit
1491 2439 1560 2485 ipsi
1582 2439 1681 2472 luen-

237 2487 315 2520 dum
350 2487 430 2531 igne
463 2499 656 2534 supremum
689 2487 906 2532 supplicium.
954 2492 990 2519 et
1019 2486 1096 2519 sine
1121 2497 1215 2520 mora
1240 2496 1311 2519 rem
1334 2490 1570 2519 transacturus
1593 2489 1680 2528 erat,

239 2532 365 2576 (2150)
392 2534 457 2567 nisi
479 2534 602 2578 regina
621 2531 1031 2567 coniuxintercessisset.
1077 2543 1160 2574 ergo
1184 2530 1240 2564 hic
1262 2529 1421 2564 dimissus
1435 2529 1581 2564 vinculis
1597 2540 1680 2562 con-

238 2576 370 2610 iuratos
396 2579 553 2624 advocat,
578 2583 678 2613 notos
700 2578 768 2612 sibi
791 2578 844 2611 rei
866 2577 1036 2621 regendae
1058 2578 1184 2619 socios,
1209 2577 1408 2621 quibuscum
1430 2575 1542 2609 Leoni
1562 2574 1682 2608 statim

240 2621 344 2656 struit
372 2623 527 2658 insidias.
574 2625 611 2658 hi
641 2625 705 2658 sub
739 2634 895 2661 auroram
927 2623 1132 2665 introgressi
1153 2621 1338 2655 clanculum
1363 2621 1489 2664 (2155)
1512 2620 1549 2653 in
1571 2618 1682 2653 aulam

238 2667 388 2711 regiam,
413 2669 536 2713 papiae
558 2670 699 2713 favore,
721 2670 785 2703 sub
807 2668 958 2702 clericali
980 2674 1079 2701 veste
1102 2667 1270 2701 succincti
1291 2666 1433 2710 gladiis,
1458 2676 1522 2699 ceu
1542 2664 1683 2697 matuti-

240 2712 294 2754 nis
318 2713 462 2747 canticis
484 2715 598 2749 daturi
621 2726 781 2760 operam,
805 2713 908 2748 armis
929 2713 1062 2747 eductis
1086 2712 1237 2746 Leonem
1260 2711 1462 2745 confodiunt
1481 2709 1682 2755 psallentem

240 2757 278 2792 in
301 2758 448 2793 ecclesia
469 2758 560 2794 inter
581 2760 744 2802 clericos3
779 2760 904 2804 (2160)
933 2757 994 2804 qui
1018 2757 1163 2793 territus
1185 2758 1229 2792 ad
1252 2756 1406 2791 divinum
1430 2755 1539 2790 altare
1560 2754 1682 2788 confu-
