<?xml version="1.0" encoding="UTF-8"?>
<!DOCTYPE html PUBLIC "-//W3C//DTD XHTML 1.0 Transitional//EN"
    "http://www.w3.org/TR/xhtml1/DTD/xhtml1-transitional.dtd">
<html xmlns="http://www.w3.org/1999/xhtml" xml:lang="en" lang="en">
 <head>
  <title>
</title>
<meta http-equiv="Content-Type" content="text/html;charset=utf-8" />
  <meta name='ocr-system' content='tesseract 3.04.00' />
  <meta name='ocr-capabilities' content='ocr_page ocr_carea ocr_par ocr_line ocrx_word'/>
</head>
<body>
  <div class='ocr_page' id='page_1' title='image "./corpusscriptorum12niebuoft/corpusscriptorum12niebuoft_0394.png"; bbox 0 0 1786 3080; ppageno 0'>
   <div class='ocr_carea' id='block_1_1' title="bbox 260 137 1149 189">
    <p class='ocr_par' dir='ltr' id='par_1_1' title="bbox 260 137 1149 189">
     <span class='ocr_line' id='line_1_1' title="bbox 260 137 1149 189; baseline 0.006 -5"><span class='ocrx_word' id='word_1_1' title='bbox 260 137 356 185; x_wconf 88' lang='grc'><strong>384</strong></span> <span class='ocrx_word' id='word_1_2' title='bbox 800 144 1149 189; x_wconf 86' lang='lat' dir='ltr'><strong>EPHRAEMIUS</strong></span> 
     </span>
    </p>
   </div>
   <div class='ocr_carea' id='block_1_2' title="bbox 252 251 1253 1744">
    <p class='ocr_par' dir='ltr' id='par_1_2' title="bbox 258 251 1251 379">
     <span class='ocr_line' id='line_1_2' title="bbox 394 251 1134 313; baseline 0.005 -18"><span class='ocrx_word' id='word_1_3' title='bbox 394 252 463 295; x_wconf 69' lang='grc' dir='ltr'><strong>ἵνα</strong></span> <span class='ocrx_word' id='word_1_4' title='bbox 483 257 681 309; x_wconf 81' lang='grc' dir='ltr'><em>μαθητῶν</em></span> <span class='ocrx_word' id='word_1_5' title='bbox 700 251 974 310; x_wconf 66' lang='grc' dir='ltr'><em>ἑβδομήκοντα</em></span> <span class='ocrx_word' id='word_1_6' title='bbox 994 254 1134 313; x_wconf 90' lang='grc' dir='ltr'><em>λόγου·</em></span> 
     </span>
     <span class='ocr_line' id='line_1_3' title="bbox 258 321 1251 379; baseline 0.003 -16"><span class='ocrx_word' id='word_1_7' title='bbox 258 322 367 364; x_wconf 88' lang='grc'><strong>9575</strong></span> <span class='ocrx_word' id='word_1_8' title='bbox 393 321 438 372; x_wconf 83' lang='grc' dir='ltr'><strong>ὃς</strong></span> <span class='ocrx_word' id='word_1_9' title='bbox 457 321 655 376; x_wconf 86' lang='grc' dir='ltr'><em>ποιμάνας</em></span> <span class='ocrx_word' id='word_1_10' title='bbox 671 323 888 379; x_wconf 75' lang='grc' dir='ltr'><em>θρέμματα</em></span> <span class='ocrx_word' id='word_1_11' title='bbox 908 328 1040 375; x_wconf 84' lang='grc' dir='ltr'><em>καλῶς</em></span> <span class='ocrx_word' id='word_1_12' title='bbox 1058 321 1251 368; x_wconf 74' lang='grc' dir='ltr'><strong><em>δεσπότου</em></strong></span> 
     </span>
    </p>

    <p class='ocr_par' dir='ltr' id='par_1_3' title="bbox 391 391 1203 448">
     <span class='ocr_line' id='line_1_4' title="bbox 391 391 1203 448; baseline 0.004 -16"><span class='ocrx_word' id='word_1_13' title='bbox 391 394 515 445; x_wconf 84' lang='grc' dir='ltr'><em>γῆθεν</em></span> <span class='ocrx_word' id='word_1_14' title='bbox 534 391 699 445; x_wconf 71' lang='grc' dir='ltr'><em>μετέστη</em></span> <span class='ocrx_word' id='word_1_15' title='bbox 719 393 820 445; x_wconf 86' lang='grc' dir='ltr'><em>πρὸς</em></span> <span class='ocrx_word' id='word_1_16' title='bbox 837 392 964 445; x_wconf 82' lang='grc' dir='ltr'><em>μονὰς</em></span> <span class='ocrx_word' id='word_1_17' title='bbox 980 392 1203 448; x_wconf 77' lang='grc' dir='ltr'><em>οὐρανίους.</em></span> 
     </span>
    </p>

    <p class='ocr_par' dir='ltr' id='par_1_4' title="bbox 392 458 1249 517">
     <span class='ocr_line' id='line_1_5' title="bbox 392 458 1249 517; baseline 0.002 -17"><span class='ocrx_word' id='word_1_18' title='bbox 392 459 492 511; x_wconf 82' lang='grc' dir='ltr'><em>μεθ’</em></span> <span class='ocrx_word' id='word_1_19' title='bbox 517 458 561 501; x_wconf 76' lang='grc' dir='ltr'><strong>ὃν</strong></span> <span class='ocrx_word' id='word_1_20' title='bbox 581 466 711 513; x_wconf 81' lang='grc' dir='ltr'><em>νομεῖς</em></span> <span class='ocrx_word' id='word_1_21' title='bbox 728 459 931 517; x_wconf 78' lang='grc' dir='ltr'><em>ὤφθησαν</em></span> <span class='ocrx_word' id='word_1_22' title='bbox 949 460 1249 517; x_wconf 77' lang='grc' dir='ltr'><em>εὖσεβοφρόνων</em></span> 
     </span>
    </p>

    <p class='ocr_par' dir='ltr' id='par_1_5' title="bbox 393 525 1213 585">
     <span class='ocr_line' id='line_1_6' title="bbox 393 525 1213 585; baseline 0.004 -17"><span class='ocrx_word' id='word_1_23' title='bbox 393 525 414 568; x_wconf 83' lang='grc' dir='ltr'><strong><em>ὃ</em></strong></span> <span class='ocrx_word' id='word_1_24' title='bbox 436 531 575 581; x_wconf 82' lang='grc' dir='ltr'><em>κλῆσιν</em></span> <span class='ocrx_word' id='word_1_25' title='bbox 591 525 805 581; x_wconf 76' lang='grc' dir='ltr'><em>Ὀνήσιμος</em></span> <span class='ocrx_word' id='word_1_26' title='bbox 827 527 912 581; x_wconf 76' lang='grc' dir='ltr'><strong>ἅμα</strong></span> <span class='ocrx_word' id='word_1_27' title='bbox 933 530 999 570; x_wconf 80' lang='grc' dir='ltr'><strong>καὶ</strong></span> <span class='ocrx_word' id='word_1_28' title='bbox 1018 528 1179 585; x_wconf 80' lang='grc' dir='ltr'><strong>τρόπον,</strong></span> <span class='ocrx_word' id='word_1_29' title='bbox 1209 554 1213 558; x_wconf 90' lang='lat'>·</span> 
     </span>
    </p>

    <p class='ocr_par' dir='ltr' id='par_1_6' title="bbox 259 593 1253 720">
     <span class='ocr_line' id='line_1_7' title="bbox 391 593 1253 651; baseline 0.006 -16"><span class='ocrx_word' id='word_1_30' title='bbox 391 593 664 651; x_wconf 79' lang='grc' dir='ltr'><em>Πολύκαρπος</em></span> <span class='ocrx_word' id='word_1_31' title='bbox 681 594 946 651; x_wconf 80' lang='grc' dir='ltr'><em>Πλούταρχος</em></span> <span class='ocrx_word' id='word_1_32' title='bbox 962 598 1028 638; x_wconf 82' lang='grc' dir='ltr'><strong>καὶ</strong></span> <span class='ocrx_word' id='word_1_33' title='bbox 1046 599 1253 648; x_wconf 79' lang='grc' dir='ltr'><em>Σεδεκίων,</em></span> 
     </span>
     <span class='ocr_line' id='line_1_8' title="bbox 259 663 1101 720; baseline 0.001 -14"><span class='ocrx_word' id='word_1_34' title='bbox 259 666 367 706; x_wconf 88' lang='grc'>9580</span> <span class='ocrx_word' id='word_1_35' title='bbox 392 663 586 719; x_wconf 75' lang='grc' dir='ltr'><strong>Διογένης</strong></span> <span class='ocrx_word' id='word_1_36' title='bbox 602 663 854 720; x_wconf 72' lang='grc' dir='ltr'><em>’Ἐλευθέριος</em></span> <span class='ocrx_word' id='word_1_37' title='bbox 871 666 937 706; x_wconf 83' lang='grc' dir='ltr'><strong>καὶ</strong></span> <span class='ocrx_word' id='word_1_38' title='bbox 958 663 1101 720; x_wconf 81' lang='grc' dir='ltr'><em>Φήλιξ,</em></span> 
     </span>
    </p>

    <p class='ocr_par' dir='ltr' id='par_1_7' title="bbox 392 730 1135 789">
     <span class='ocr_line' id='line_1_9' title="bbox 392 730 1135 789; baseline 0.004 -17"><span class='ocrx_word' id='word_1_39' title='bbox 392 731 512 781; x_wconf 78' lang='grc' dir='ltr'><em>ἄλλος</em></span> <span class='ocrx_word' id='word_1_40' title='bbox 531 748 572 773; x_wconf 89' lang='grc' dir='ltr'><strong>τε</strong></span> <span class='ocrx_word' id='word_1_41' title='bbox 590 730 863 789; x_wconf 84' lang='grc' dir='ltr'><em>Πολύκαρπος</em></span> <span class='ocrx_word' id='word_1_42' title='bbox 881 732 985 787; x_wconf 77' lang='grc' dir='ltr'><em>ἱερὸς</em></span> <span class='ocrx_word' id='word_1_43' title='bbox 1003 732 1135 776; x_wconf 82' lang='grc' dir='ltr'><em>πάλιν.</em></span> 
     </span>
    </p>

    <p class='ocr_par' dir='ltr' id='par_1_8' title="bbox 392 794 1076 860">
     <span class='ocr_line' id='line_1_10' title="bbox 392 794 1076 860; baseline 0 -18"><span class='ocrx_word' id='word_1_44' title='bbox 392 794 506 842; x_wconf 75' lang='grc' dir='ltr'><em>οὗτοί</em></span> <span class='ocrx_word' id='word_1_45' title='bbox 521 816 563 855; x_wconf 87' lang='grc' dir='ltr'><strong>γε</strong></span> <span class='ocrx_word' id='word_1_46' title='bbox 584 798 726 850; x_wconf 80' lang='grc' dir='ltr'><em>πάντες</em></span> <span class='ocrx_word' id='word_1_47' title='bbox 746 801 902 853; x_wconf 73' lang='grc' dir='ltr'><em>ἀσεβῶν</em></span> <span class='ocrx_word' id='word_1_48' title='bbox 917 799 1076 860; x_wconf 70' lang='grc' dir='ltr'><em>ὑποψία</em></span> 
     </span>
    </p>

    <p class='ocr_par' dir='ltr' id='par_1_9' title="bbox 326 863 1107 924">
     <span class='ocr_line' id='line_1_11' title="bbox 326 863 1107 924; baseline 0.003 -16"><span class='ocrx_word' id='word_1_49' title='bbox 326 863 338 871; x_wconf 70' lang='grc'><em>’</em></span> <span class='ocrx_word' id='word_1_50' title='bbox 390 867 514 923; x_wconf 75' lang='grc' dir='ltr'><em>πέραν</em></span> <span class='ocrx_word' id='word_1_51' title='bbox 531 865 710 924; x_wconf 74' lang='grc' dir='ltr'><em>ὑπῆρχον</em></span> <span class='ocrx_word' id='word_1_52' title='bbox 729 868 934 919; x_wconf 82' lang='grc' dir='ltr'><em>ἷθύνοντες</em></span> <span class='ocrx_word' id='word_1_53' title='bbox 952 869 1107 924; x_wconf 75' lang='grc' dir='ltr'><em>ἀγέλην.</em></span> 
     </span>
    </p>

    <p class='ocr_par' dir='ltr' id='par_1_10' title="bbox 256 935 1182 1059">
     <span class='ocr_line' id='line_1_12' title="bbox 390 935 1182 993; baseline 0.003 -16"><span class='ocrx_word' id='word_1_54' title='bbox 390 935 490 990; x_wconf 76' lang='grc' dir='ltr'><em>μεθ’</em></span> <span class='ocrx_word' id='word_1_55' title='bbox 515 935 585 986; x_wconf 76' lang='grc' dir='ltr'><strong>οὓς</strong></span> <span class='ocrx_word' id='word_1_56' title='bbox 601 936 878 992; x_wconf 79' lang='grc' dir='ltr'><em>Ἀθηνόδωρος</em></span> <span class='ocrx_word' id='word_1_57' title='bbox 898 937 1035 987; x_wconf 67' lang='grc' dir='ltr'><em>ἔνθεος</em></span> <span class='ocrx_word' id='word_1_58' title='bbox 1053 935 1182 993; x_wconf 82' lang='grc' dir='ltr'><em>θύτης</em></span> 
     </span>
     <span class='ocr_line' id='line_1_13' title="bbox 256 1004 1111 1059; baseline -0.001 -11"><span class='ocrx_word' id='word_1_59' title='bbox 256 1006 364 1048; x_wconf 87' lang='grc'>9585</span> <span class='ocrx_word' id='word_1_60' title='bbox 391 1005 599 1058; x_wconf 71' lang='grc' dir='ltr'><em>ἐκκλησίαν</em></span> <span class='ocrx_word' id='word_1_61' title='bbox 621 1004 734 1047; x_wconf 77' lang='grc' dir='ltr'><em>ἴθυνε</em></span> <span class='ocrx_word' id='word_1_62' title='bbox 756 1010 827 1059; x_wconf 79' lang='grc' dir='ltr'><strong>τῆς</strong></span> <span class='ocrx_word' id='word_1_63' title='bbox 847 1006 1111 1057; x_wconf 81' lang='grc' dir='ltr'><em>Βυζαντίδος·</em></span> 
     </span>
    </p>

    <p class='ocr_par' dir='ltr' id='par_1_11' title="bbox 390 1070 1123 1129">
     <span class='ocr_line' id='line_1_14' title="bbox 390 1070 1123 1129; baseline 0.003 -16"><span class='ocrx_word' id='word_1_64' title='bbox 390 1071 435 1122; x_wconf 78' lang='grc' dir='ltr'><strong>ὃς</strong></span> <span class='ocrx_word' id='word_1_65' title='bbox 455 1071 561 1114; x_wconf 78' lang='grc' dir='ltr'><em>οἷκον</em></span> <span class='ocrx_word' id='word_1_66' title='bbox 581 1070 784 1129; x_wconf 83' lang='grc' dir='ltr'><em>εὗκτήριον</em></span> <span class='ocrx_word' id='word_1_67' title='bbox 804 1072 926 1115; x_wconf 79' lang='grc' dir='ltr'><em>ἄλλον</em></span> <span class='ocrx_word' id='word_1_68' title='bbox 944 1075 1123 1123; x_wconf 86' lang='grc' dir='ltr'><em>καινίσας</em></span> 
     </span>
    </p>

    <p class='ocr_par' dir='ltr' id='par_1_12' title="bbox 388 1138 1116 1197">
     <span class='ocr_line' id='line_1_15' title="bbox 388 1138 1116 1197; baseline 0.003 -15"><span class='ocrx_word' id='word_1_69' title='bbox 388 1138 491 1182; x_wconf 76' lang='grc' dir='ltr'><em>κατά</em></span> <span class='ocrx_word' id='word_1_70' title='bbox 508 1157 550 1196; x_wconf 88' lang='grc' dir='ltr'><strong>γε</strong></span> <span class='ocrx_word' id='word_1_71' title='bbox 564 1145 698 1197; x_wconf 82' lang='grc' dir='ltr'><em>χῶρον</em></span> <span class='ocrx_word' id='word_1_72' title='bbox 710 1142 850 1183; x_wconf 82' lang='grc' dir='ltr'><em>Ἐλαία</em></span> <span class='ocrx_word' id='word_1_73' title='bbox 867 1142 1116 1196; x_wconf 73' lang='grc' dir='ltr'><em>κεκλημένον,</em></span> 
     </span>
    </p>

    <p class='ocr_par' dir='ltr' id='par_1_13' title="bbox 391 1204 1111 1265">
     <span class='ocr_line' id='line_1_16' title="bbox 391 1204 1111 1265; baseline 0.003 -15"><span class='ocrx_word' id='word_1_74' title='bbox 391 1209 477 1251; x_wconf 72' lang='grc' dir='ltr'><strong>ἐκεῖ</strong></span> <span class='ocrx_word' id='word_1_75' title='bbox 487 1207 671 1260; x_wconf 80' lang='grc' dir='ltr'><em>συνάξεις</em></span> <span class='ocrx_word' id='word_1_76' title='bbox 690 1211 854 1252; x_wconf 72' lang='grc' dir='ltr'><em>ἐκτελῶν</em></span> <span class='ocrx_word' id='word_1_77' title='bbox 871 1204 923 1265; x_wconf 76' lang='grc' dir='ltr'><strong>ἦν</strong></span> <span class='ocrx_word' id='word_1_78' title='bbox 940 1211 1111 1260; x_wconf 75' lang='grc' dir='ltr'><em>ἕνθέως·</em></span> 
     </span>
    </p>

    <p class='ocr_par' dir='ltr' id='par_1_14' title="bbox 259 1275 1219 1400">
     <span class='ocr_line' id='line_1_17' title="bbox 391 1275 1219 1336; baseline 0.005 -18"><span class='ocrx_word' id='word_1_79' title='bbox 391 1275 436 1318; x_wconf 80' lang='grc' dir='ltr'><strong>ὃν</strong></span> <span class='ocrx_word' id='word_1_80' title='bbox 457 1278 758 1328; x_wconf 85' lang='grc' dir='ltr'><em>Κωνσταντῖνος</em></span> <span class='ocrx_word' id='word_1_81' title='bbox 776 1277 1076 1335; x_wconf 77' lang='grc' dir='ltr'><em>εὖσεβοκράτωρ</em></span> <span class='ocrx_word' id='word_1_82' title='bbox 1097 1278 1219 1336; x_wconf 79' lang='grc' dir='ltr'><em>με’γας</em></span> 
     </span>
     <span class='ocr_line' id='line_1_18' title="bbox 259 1343 1136 1400; baseline 0.001 -12"><span class='ocrx_word' id='word_1_83' title='bbox 259 1347 368 1389; x_wconf 88' lang='grc'>9590</span> <span class='ocrx_word' id='word_1_84' title='bbox 390 1343 562 1387; x_wconf 74' lang='grc' dir='ltr'><em>ὕστατον</em></span> <span class='ocrx_word' id='word_1_85' title='bbox 583 1344 773 1400; x_wconf 79' lang='grc' dir='ltr'><em>ἆνύψωσε</em></span> <span class='ocrx_word' id='word_1_86' title='bbox 795 1345 993 1397; x_wconf 77' lang='grc' dir='ltr'><em>καλλῦνας</em></span> <span class='ocrx_word' id='word_1_87' title='bbox 1011 1345 1136 1400; x_wconf 83' lang='grc' dir='ltr'><em>μάλα.</em></span> 
     </span>
    </p>

    <p class='ocr_par' dir='ltr' id='par_1_15' title="bbox 390 1411 1094 1472">
     <span class='ocr_line' id='line_1_19' title="bbox 390 1411 1094 1472; baseline 0.003 -18"><span class='ocrx_word' id='word_1_88' title='bbox 390 1411 474 1455; x_wconf 78' lang='grc' dir='ltr'><em>εἶτα</em></span> <span class='ocrx_word' id='word_1_89' title='bbox 494 1416 652 1464; x_wconf 76' lang='grc' dir='ltr'><em>Ζωΐλος</em></span> <span class='ocrx_word' id='word_1_90' title='bbox 670 1412 864 1469; x_wconf 79' lang='grc' dir='ltr'><strong>λαμβάνει</strong></span> <span class='ocrx_word' id='word_1_91' title='bbox 880 1415 1094 1472; x_wconf 73' lang='grc' dir='ltr'><em>προεδρίαν</em></span> 
     </span>
    </p>

    <p class='ocr_par' dir='ltr' id='par_1_16' title="bbox 390 1481 1231 1539">
     <span class='ocr_line' id='line_1_20' title="bbox 390 1481 1231 1539; baseline 0.005 -17"><span class='ocrx_word' id='word_1_92' title='bbox 390 1483 456 1523; x_wconf 88' lang='grc' dir='ltr'><strong>καὶ</strong></span> <span class='ocrx_word' id='word_1_93' title='bbox 486 1482 759 1539; x_wconf 76' lang='grc' dir='ltr'><em>Λαυρέντιος,</em></span> <span class='ocrx_word' id='word_1_94' title='bbox 788 1481 996 1533; x_wconf 59' lang='grc' dir='ltr'><strong>Ἀλόπιος)</strong></span> <span class='ocrx_word' id='word_1_95' title='bbox 1029 1483 1231 1539; x_wconf 80' lang='grc' dir='ltr'><em>Περτίναξ</em></span> 
     </span>
    </p>

    <p class='ocr_par' dir='ltr' id='par_1_17' title="bbox 387 1547 1124 1605">
     <span class='ocr_line' id='line_1_21' title="bbox 387 1547 1124 1605; baseline 0.003 -15"><span class='ocrx_word' id='word_1_96' title='bbox 387 1547 581 1599; x_wconf 73' lang='grc' dir='ltr'><em>ὑπατικός</em></span> <span class='ocrx_word' id='word_1_97' title='bbox 599 1568 660 1600; x_wconf 88' lang='grc' dir='ltr'><strong>τις</strong></span> <span class='ocrx_word' id='word_1_98' title='bbox 678 1550 836 1605; x_wconf 75' lang='grc' dir='ltr'><em>εὐγενὴς</em></span> <span class='ocrx_word' id='word_1_99' title='bbox 857 1555 935 1593; x_wconf 84' lang='grc' dir='ltr'><strong>τῶν</strong></span> <span class='ocrx_word' id='word_1_100' title='bbox 952 1553 993 1593; x_wconf 77' lang='grc' dir='ltr'><strong>ἓν</strong></span> <span class='ocrx_word' id='word_1_101' title='bbox 1009 1551 1124 1602; x_wconf 79' lang='grc' dir='ltr'><em>τέλει,</em></span> 
     </span>
    </p>

    <p class='ocr_par' dir='ltr' id='par_1_18' title="bbox 252 1616 1160 1744">
     <span class='ocr_line' id='line_1_22' title="bbox 387 1616 1045 1673; baseline 0.002 -14"><span class='ocrx_word' id='word_1_102' title='bbox 387 1616 432 1666; x_wconf 80' lang='grc' dir='ltr'><strong>ὃς</strong></span> <span class='ocrx_word' id='word_1_103' title='bbox 452 1617 548 1660; x_wconf 76' lang='grc' dir='ltr'><em>ναὸν</em></span> <span class='ocrx_word' id='word_1_104' title='bbox 569 1618 771 1672; x_wconf 82' lang='grc' dir='ltr'><em>ἀνίστησιν</em></span> <span class='ocrx_word' id='word_1_105' title='bbox 794 1618 915 1673; x_wconf 78' lang='grc' dir='ltr'><em>εὐαγῆ</em></span> <span class='ocrx_word' id='word_1_106' title='bbox 937 1619 1045 1668; x_wconf 77' lang='grc' dir='ltr'><em>ξένον</em></span> 
     </span>
     <span class='ocr_line' id='line_1_23' title="bbox 252 1683 1160 1744; baseline 0.002 -19"><span class='ocrx_word' id='word_1_107' title='bbox 252 1685 360 1727; x_wconf 87' lang='grc'>9595</span> <span class='ocrx_word' id='word_1_108' title='bbox 386 1683 426 1728; x_wconf 71' lang='grc' dir='ltr'><strong>ἕν</strong></span> <span class='ocrx_word' id='word_1_109' title='bbox 446 1703 521 1728; x_wconf 91' lang='grc' dir='ltr'><em>τινι</em></span> <span class='ocrx_word' id='word_1_110' title='bbox 542 1688 676 1727; x_wconf 83' lang='grc' dir='ltr'><strong>Συκαῖ</strong></span> <span class='ocrx_word' id='word_1_111' title='bbox 690 1686 1017 1744; x_wconf 78' lang='grc' dir='ltr'><em>προσκεκλημίνῳ</em></span> <span class='ocrx_word' id='word_1_112' title='bbox 1037 1683 1160 1743; x_wconf 75' lang='grc' dir='ltr'><em>τόπῳ.</em></span> 
     </span>
    </p>
   </div>
   <div class='ocr_carea' id='block_1_3' title="bbox 463 1836 1702 2198">
    <p class='ocr_par' dir='ltr' id='par_1_19' title="bbox 463 1836 1702 2198">
     <span class='ocr_line' id='line_1_24' title="bbox 468 1836 1702 1884; baseline 0.001 -13"><span class='ocrx_word' id='word_1_113' title='bbox 468 1837 670 1883; x_wconf 87' lang='lat' dir='ltr'><strong>pliatorem,</strong></span> <span class='ocrx_word' id='word_1_114' title='bbox 699 1847 855 1882; x_wconf 84' lang='lat' dir='ltr'><strong>magnum</strong></span> <span class='ocrx_word' id='word_1_115' title='bbox 875 1836 1151 1872; x_wconf 87' lang='lat' dir='ltr'><strong>Constantinum.</strong></span> <span class='ocrx_word' id='word_1_116' title='bbox 1198 1837 1422 1884; x_wconf 78' lang='lat' dir='ltr'><strong>Philadelpho</strong></span> <span class='ocrx_word' id='word_1_117' title='bbox 1443 1837 1504 1873; x_wconf 85' lang='lat' dir='ltr'><strong>dat</strong></span> <span class='ocrx_word' id='word_1_118' title='bbox 1524 1848 1702 1873; x_wconf 79' lang='lat' dir='ltr'><strong>successo—</strong></span> 
     </span>
     <span class='ocr_line' id='line_1_25' title="bbox 466 1883 1702 1929; baseline -0.001 -11"><span class='ocrx_word' id='word_1_119' title='bbox 466 1895 539 1918; x_wconf 89' lang='lat' dir='ltr'><strong>rem</strong></span> <span class='ocrx_word' id='word_1_120' title='bbox 561 1883 817 1927; x_wconf 86' lang='lat' dir='ltr'><strong>Metaphrastes</strong></span> <span class='ocrx_word' id='word_1_121' title='bbox 840 1884 1034 1928; x_wconf 84' lang='lat' dir='ltr'>Eugenium</span> <span class='ocrx_word' id='word_1_122' title='bbox 1048 1909 1057 1926; x_wconf 92' lang='lat'>‚</span> <span class='ocrx_word' id='word_1_123' title='bbox 1084 1883 1164 1917; x_wconf 85' lang='lat' dir='ltr'><strong>huic</strong></span> <span class='ocrx_word' id='word_1_124' title='bbox 1187 1883 1370 1927; x_wconf 86' lang='lat' dir='ltr'><strong>Rufinum,</strong></span> <span class='ocrx_word' id='word_1_125' title='bbox 1405 1884 1554 1929; x_wconf 89' lang='lat' dir='ltr'><strong>denique</strong></span> <span class='ocrx_word' id='word_1_126' title='bbox 1576 1884 1702 1918; x_wconf 86' lang='lat' dir='ltr'><strong>Rufino</strong></span> 
     </span>
     <span class='ocr_line' id='line_1_26' title="bbox 468 1929 1701 1975; baseline -0.002 -11"><span class='ocrx_word' id='word_1_127' title='bbox 468 1929 733 1974; x_wconf 85' lang='lat' dir='ltr'><strong>Metrophanem</strong></span> <span class='ocrx_word' id='word_1_128' title='bbox 764 1929 984 1964; x_wconf 84' lang='lat' dir='ltr'>Constantini</span> <span class='ocrx_word' id='word_1_129' title='bbox 1007 1940 1093 1963; x_wconf 88' lang='lat' dir='ltr'><strong>aevo</strong></span> <span class='ocrx_word' id='word_1_130' title='bbox 1117 1929 1304 1963; x_wconf 83' lang='lat' dir='ltr'><strong>viventem.</strong></span> <span class='ocrx_word' id='word_1_131' title='bbox 1351 1941 1420 1964; x_wconf 93' lang='lat' dir='ltr'><strong>non</strong></span> <span class='ocrx_word' id='word_1_132' title='bbox 1451 1929 1609 1975; x_wconf 88' lang='lat' dir='ltr'><strong>agnoscit</strong></span> <span class='ocrx_word' id='word_1_133' title='bbox 1638 1939 1701 1963; x_wconf 87' lang='lat' dir='ltr'><strong>au-</strong></span> 
     </span>
     <span class='ocr_line' id='line_1_27' title="bbox 469 1973 1701 2020; baseline -0.001 -12"><span class='ocrx_word' id='word_1_134' title='bbox 469 1980 538 2009; x_wconf 88' lang='lat' dir='ltr'><strong>tem</strong></span> <span class='ocrx_word' id='word_1_135' title='bbox 569 1980 640 2008; x_wconf 88' lang='lat' dir='ltr'><strong>tum</strong></span> <span class='ocrx_word' id='word_1_136' title='bbox 670 1974 752 2008; x_wconf 84' lang='lat' dir='ltr'><strong>falsi</strong></span> <span class='ocrx_word' id='word_1_137' title='bbox 783 1974 954 2009; x_wconf 85' lang='lat' dir='ltr'><strong>Dorothei</strong></span> <span class='ocrx_word' id='word_1_138' title='bbox 984 1978 1055 2008; x_wconf 88' lang='lat' dir='ltr'><strong>tum</strong></span> <span class='ocrx_word' id='word_1_139' title='bbox 1089 1974 1191 2008; x_wconf 85' lang='lat' dir='ltr'><strong>etiam</strong></span> <span class='ocrx_word' id='word_1_140' title='bbox 1222 1975 1298 2009; x_wconf 83' lang='lat' dir='ltr'><strong>eius</strong></span> <span class='ocrx_word' id='word_1_141' title='bbox 1323 1976 1477 2009; x_wconf 79' lang='lat' dir='ltr'><strong>asseclae</strong></span> <span class='ocrx_word' id='word_1_142' title='bbox 1498 1973 1701 2020; x_wconf 82' lang='lat' dir='ltr'><strong>Ephraemii</strong></span> 
     </span>
     <span class='ocr_line' id='line_1_28' title="bbox 469 2019 1702 2066; baseline -0.001 -12"><span class='ocrx_word' id='word_1_143' title='bbox 469 2019 643 2064; x_wconf 78' lang='lat' dir='ltr'><strong>catalogus</strong></span> <span class='ocrx_word' id='word_1_144' title='bbox 667 2021 731 2054; x_wconf 85' lang='lat' dir='ltr'><strong>hos</strong></span> <span class='ocrx_word' id='word_1_145' title='bbox 754 2024 827 2055; x_wconf 83' lang='lat' dir='ltr'><strong>tres</strong></span> <span class='ocrx_word' id='word_1_146' title='bbox 849 2020 1042 2065; x_wconf 88' lang='lat' dir='ltr'><strong>episcopos,</strong></span> <span class='ocrx_word' id='word_1_147' title='bbox 1067 2019 1328 2066; x_wconf 77' lang='lat' dir='ltr'><strong>Philadelphum</strong></span> <span class='ocrx_word' id='word_1_148' title='bbox 1351 2021 1544 2065; x_wconf 77' lang='lat' dir='ltr'><strong>Eugenium</strong></span> <span class='ocrx_word' id='word_1_149' title='bbox 1568 2025 1603 2054; x_wconf 92' lang='lat' dir='ltr'><strong>et</strong></span> <span class='ocrx_word' id='word_1_150' title='bbox 1625 2020 1702 2054; x_wconf 84' lang='lat' dir='ltr'><strong>Ru-</strong></span> 
     </span>
     <span class='ocr_line' id='line_1_29' title="bbox 469 2064 1702 2110; baseline 0 -11"><span class='ocrx_word' id='word_1_151' title='bbox 469 2066 594 2106; x_wconf 83' lang='lat' dir='ltr'><strong>finum3</strong></span> <span class='ocrx_word' id='word_1_152' title='bbox 621 2077 707 2110; x_wconf 91' lang='lat' dir='ltr'><strong>quos</strong></span> <span class='ocrx_word' id='word_1_153' title='bbox 730 2070 844 2100; x_wconf 84' lang='lat' dir='ltr'><strong>tamen</strong></span> <span class='ocrx_word' id='word_1_154' title='bbox 866 2065 957 2100; x_wconf 92' lang='lat' dir='ltr'><strong>solos</strong></span> <span class='ocrx_word' id='word_1_155' title='bbox 981 2066 1131 2100; x_wconf 86' lang='lat' dir='ltr'><strong>Maurini</strong></span> <span class='ocrx_word' id='word_1_156' title='bbox 1156 2066 1311 2101; x_wconf 86' lang='lat' dir='ltr'><strong>monachi</strong></span> <span class='ocrx_word' id='word_1_157' title='bbox 1335 2066 1371 2100; x_wconf 86' lang='lat' dir='ltr'><strong>in</strong></span> <span class='ocrx_word' id='word_1_158' title='bbox 1395 2078 1459 2100; x_wconf 88' lang='lat' dir='ltr'><strong>sua</strong></span> <span class='ocrx_word' id='word_1_159' title='bbox 1481 2064 1702 2109; x_wconf 76' lang='lat' dir='ltr'><strong>chronologia</strong></span> 
     </span>
     <span class='ocr_line' id='line_1_30' title="bbox 470 2111 1701 2157; baseline -0.001 -13"><span class='ocrx_word' id='word_1_160' title='bbox 470 2112 660 2157; x_wconf 84' lang='lat' dir='ltr'><strong>prudenter</strong></span> <span class='ocrx_word' id='word_1_161' title='bbox 691 2111 922 2155; x_wconf 81' lang='lat' dir='ltr'><strong>scripserunt3</strong></span> <span class='ocrx_word' id='word_1_162' title='bbox 958 2111 1107 2155; x_wconf 84' lang='lat' dir='ltr'><strong>itemque</strong></span> <span class='ocrx_word' id='word_1_163' title='bbox 1141 2113 1185 2146; x_wconf 92' lang='lat' dir='ltr'><strong>ab</strong></span> <span class='ocrx_word' id='word_1_164' title='bbox 1216 2111 1270 2146; x_wconf 88' lang='lat' dir='ltr'><strong>his</strong></span> <span class='ocrx_word' id='word_1_165' title='bbox 1295 2111 1408 2146; x_wconf 85' lang='lat' dir='ltr'><strong>tribus</strong></span> <span class='ocrx_word' id='word_1_166' title='bbox 1431 2111 1621 2154; x_wconf 85' lang='lat' dir='ltr'><strong>Lequinius</strong></span> <span class='ocrx_word' id='word_1_167' title='bbox 1643 2122 1701 2144; x_wconf 87' lang='lat' dir='ltr'><strong>se-</strong></span> 
     </span>
     <span class='ocr_line' id='line_1_31' title="bbox 463 2155 1700 2198; baseline -0.002 -6"><span class='ocrx_word' id='word_1_168' title='bbox 463 2157 555 2192; x_wconf 89' lang='lat' dir='ltr'><strong>-riem</strong></span> <span class='ocrx_word' id='word_1_169' title='bbox 579 2168 674 2191; x_wconf 87' lang='lat' dir='ltr'><strong>suam</strong></span> <span class='ocrx_word' id='word_1_170' title='bbox 698 2157 888 2194; x_wconf 85' lang='lat' dir='ltr'><strong>exorditur.</strong></span> <span class='ocrx_word' id='word_1_171' title='bbox 913 2157 962 2192; x_wconf 86' lang='lat' dir='ltr'><strong>M.</strong></span> <span class='ocrx_word' id='word_1_172' title='bbox 1053 2157 1142 2192; x_wconf 84' lang='lat'><strong>9591</strong></span> <span class='ocrx_word' id='word_1_173' title='bbox 1166 2157 1342 2192; x_wconf 89' lang='lat' dir='ltr'><strong>Dorotheo</strong></span> <span class='ocrx_word' id='word_1_174' title='bbox 1367 2162 1422 2192; x_wconf 85' lang='lat' dir='ltr'><strong>est</strong></span> <span class='ocrx_word' id='word_1_175' title='bbox 1445 2155 1624 2198; x_wconf 76' lang='grc' dir='ltr'><em>Εὐζαόϊος.</em></span> <span class='ocrx_word' id='word_1_176' title='bbox 1648 2156 1700 2190; x_wconf 91' lang='grc' dir='ltr'><strong>Μ.</strong></span> 
     </span>
    </p>
   </div>
   <div class='ocr_carea' id='block_1_4' title="bbox 250 2290 1702 2841">
    <p class='ocr_par' dir='ltr' id='par_1_20' title="bbox 250 2290 1702 2841">
     <span class='ocr_line' id='line_1_32' title="bbox 254 2290 1700 2348; baseline -0.003 -19"><span class='ocrx_word' id='word_1_177' title='bbox 254 2296 298 2330; x_wconf 87' lang='lat' dir='ltr'><strong>de</strong></span> <span class='ocrx_word' id='word_1_178' title='bbox 331 2293 552 2348; x_wconf 72' lang='lat' dir='ltr'><strong>septuaginta</strong></span> <span class='ocrx_word' id='word_1_179' title='bbox 586 2291 762 2337; x_wconf 84' lang='lat' dir='ltr'><strong>discipulis</strong></span> <span class='ocrx_word' id='word_1_180' title='bbox 797 2303 918 2335; x_wconf 89' lang='lat' dir='ltr'><strong>unum;</strong></span> <span class='ocrx_word' id='word_1_181' title='bbox 958 2291 1081 2337; x_wconf 83' lang='grc'>(9575)</span> <span class='ocrx_word' id='word_1_182' title='bbox 1114 2291 1173 2336; x_wconf 90' lang='lat' dir='ltr'><strong>qui</strong></span> <span class='ocrx_word' id='word_1_183' title='bbox 1203 2290 1440 2326; x_wconf 84' lang='lat' dir='ltr'><strong>administrato</strong></span> <span class='ocrx_word' id='word_1_184' title='bbox 1470 2294 1566 2326; x_wconf 86' lang='lat' dir='ltr'><strong>recte</strong></span> <span class='ocrx_word' id='word_1_185' title='bbox 1594 2301 1700 2336; x_wconf 82' lang='lat' dir='ltr'><strong>grege</strong></span> 
     </span>
     <span class='ocr_line' id='line_1_33' title="bbox 253 2337 1701 2381; baseline -0.003 -7"><span class='ocrx_word' id='word_1_186' title='bbox 253 2340 384 2375; x_wconf 89' lang='lat' dir='ltr'><strong>domim</strong></span> <span class='ocrx_word' id='word_1_187' title='bbox 407 2352 427 2374; x_wconf 91' lang='lat' dir='ltr'><strong>e</strong></span> <span class='ocrx_word' id='word_1_188' title='bbox 450 2346 546 2374; x_wconf 84' lang='lat' dir='ltr'><strong>terra</strong></span> <span class='ocrx_word' id='word_1_189' title='bbox 569 2339 612 2373; x_wconf 81' lang='lat' dir='ltr'><strong>ad</strong></span> <span class='ocrx_word' id='word_1_190' title='bbox 636 2337 723 2372; x_wconf 86' lang='lat' dir='ltr'><strong>caeli</strong></span> <span class='ocrx_word' id='word_1_191' title='bbox 746 2338 886 2372; x_wconf 83' lang='lat' dir='ltr'><strong>transiit</strong></span> <span class='ocrx_word' id='word_1_192' title='bbox 908 2337 1088 2373; x_wconf 83' lang='lat' dir='ltr'><strong>stationes.</strong></span> <span class='ocrx_word' id='word_1_193' title='bbox 1121 2342 1202 2381; x_wconf 85' lang='lat' dir='ltr'><strong>post</strong></span> <span class='ocrx_word' id='word_1_194' title='bbox 1223 2348 1323 2381; x_wconf 88' lang='lat' dir='ltr'><strong>quem</strong></span> <span class='ocrx_word' id='word_1_195' title='bbox 1346 2343 1506 2381; x_wconf 81' lang='lat' dir='ltr'><strong>pastores</strong></span> <span class='ocrx_word' id='word_1_196' title='bbox 1527 2337 1600 2371; x_wconf 84' lang='lat' dir='ltr'><strong>dati</strong></span> <span class='ocrx_word' id='word_1_197' title='bbox 1620 2340 1701 2370; x_wconf 82' lang='lat' dir='ltr'><strong>sunt</strong></span> 
     </span>
     <span class='ocr_line' id='line_1_34' title="bbox 254 2382 1699 2429; baseline -0.004 -9"><span class='ocrx_word' id='word_1_198' title='bbox 254 2386 434 2429; x_wconf 79' lang='lat' dir='ltr'><strong>fidelibus,</strong></span> <span class='ocrx_word' id='word_1_199' title='bbox 470 2385 676 2425; x_wconf 87' lang='lat' dir='ltr'><strong>Onesimus,</strong></span> <span class='ocrx_word' id='word_1_200' title='bbox 708 2383 903 2417; x_wconf 80' lang='lat' dir='ltr'><strong>fructuosus</strong></span> <span class='ocrx_word' id='word_1_201' title='bbox 936 2395 976 2417; x_wconf 87' lang='lat' dir='ltr'><strong>re</strong></span> <span class='ocrx_word' id='word_1_202' title='bbox 1006 2388 1040 2417; x_wconf 89' lang='lat' dir='ltr'><strong>et</strong></span> <span class='ocrx_word' id='word_1_203' title='bbox 1062 2383 1218 2427; x_wconf 88' lang='lat' dir='ltr'><strong>nomine,</strong></span> <span class='ocrx_word' id='word_1_204' title='bbox 1251 2382 1465 2428; x_wconf 86' lang='lat' dir='ltr'><strong>Polycarpus</strong></span> <span class='ocrx_word' id='word_1_205' title='bbox 1495 2382 1699 2416; x_wconf 74' lang='lat' dir='ltr'><strong>Plutarchus</strong></span> 
     </span>
     <span class='ocr_line' id='line_1_35' title="bbox 255 2427 1700 2474; baseline -0.004 -9"><span class='ocrx_word' id='word_1_206' title='bbox 255 2431 427 2465; x_wconf 90' lang='lat' dir='ltr'><strong>Sedecion</strong></span> <span class='ocrx_word' id='word_1_207' title='bbox 470 2431 592 2474; x_wconf 89' lang='lat'>(9580)</span> <span class='ocrx_word' id='word_1_208' title='bbox 631 2429 804 2473; x_wconf 84' lang='lat' dir='ltr'><strong>Diogenes</strong></span> <span class='ocrx_word' id='word_1_209' title='bbox 834 2428 1054 2463; x_wconf 85' lang='lat' dir='ltr'><strong>Eleutherius</strong></span> <span class='ocrx_word' id='word_1_210' title='bbox 1094 2433 1199 2473; x_wconf 83' lang='lat' dir='ltr'><strong>atque</strong></span> <span class='ocrx_word' id='word_1_211' title='bbox 1231 2427 1352 2471; x_wconf 85' lang='lat' dir='ltr'><strong>Felix,</strong></span> <span class='ocrx_word' id='word_1_212' title='bbox 1397 2431 1535 2463; x_wconf 82' lang='lat' dir='ltr'><strong>sanctus</strong></span> <span class='ocrx_word' id='word_1_213' title='bbox 1574 2427 1700 2461; x_wconf 81' lang='lat' dir='ltr'><strong>deinde</strong></span> 
     </span>
     <span class='ocr_line' id='line_1_36' title="bbox 254 2473 1698 2521; baseline -0.003 -11"><span class='ocrx_word' id='word_1_214' title='bbox 254 2477 466 2521; x_wconf 88' lang='lat' dir='ltr'><strong>Polycarpus</strong></span> <span class='ocrx_word' id='word_1_215' title='bbox 489 2475 589 2510; x_wconf 89' lang='lat' dir='ltr'><strong>alius.</strong></span> <span class='ocrx_word' id='word_1_216' title='bbox 636 2480 738 2519; x_wconf 85' lang='lat' dir='ltr'><strong>atque</strong></span> <span class='ocrx_word' id='word_1_217' title='bbox 769 2474 806 2507; x_wconf 82' lang='lat' dir='ltr'><strong>hi</strong></span> <span class='ocrx_word' id='word_1_218' title='bbox 836 2474 951 2508; x_wconf 87' lang='lat' dir='ltr'><strong>cuncti</strong></span> <span class='ocrx_word' id='word_1_219' title='bbox 975 2479 1164 2508; x_wconf 85' lang='lat' dir='ltr'><strong>metuentes</strong></span> <span class='ocrx_word' id='word_1_220' title='bbox 1190 2473 1345 2507; x_wconf 87' lang='lat' dir='ltr'><strong>ethnicos</strong></span> <span class='ocrx_word' id='word_1_221' title='bbox 1367 2477 1463 2507; x_wconf 87' lang='lat' dir='ltr'><strong>trans</strong></span> <span class='ocrx_word' id='word_1_222' title='bbox 1486 2474 1612 2507; x_wconf 82' lang='lat' dir='ltr'><strong>fretum</strong></span> <span class='ocrx_word' id='word_1_223' title='bbox 1658 2483 1698 2505; x_wconf 83' lang='lat' dir='ltr'><strong>a—</strong></span> 
     </span>
     <span class='ocr_line' id='line_1_37' title="bbox 254 2484 1699 2565; baseline -0.003 -9"><span class='ocrx_word' id='word_1_224' title='bbox 254 2522 375 2556; x_wconf 86' lang='lat' dir='ltr'><strong>storali</strong></span> <span class='ocrx_word' id='word_1_225' title='bbox 399 2527 564 2556; x_wconf 86' lang='lat' dir='ltr'><strong>vacarunt</strong></span> <span class='ocrx_word' id='word_1_226' title='bbox 584 2532 699 2555; x_wconf 82' lang='lat' dir='ltr'><strong>curae.</strong></span> <span class='ocrx_word' id='word_1_227' title='bbox 723 2524 803 2565; x_wconf 85' lang='lat' dir='ltr'><strong>post</strong></span> <span class='ocrx_word' id='word_1_228' title='bbox 824 2520 886 2554; x_wconf 88' lang='lat' dir='ltr'><strong>hos</strong></span> <span class='ocrx_word' id='word_1_229' title='bbox 909 2520 1152 2554; x_wconf 89' lang='lat' dir='ltr'><strong>Athenodorus</strong></span> <span class='ocrx_word' id='word_1_230' title='bbox 1175 2519 1337 2553; x_wconf 81' lang='lat' dir='ltr'><strong>sacerdos</strong></span> <span class='ocrx_word' id='word_1_231' title='bbox 1361 2518 1461 2552; x_wconf 85' lang='lat' dir='ltr'><strong>divus</strong></span> <span class='ocrx_word' id='word_1_232' title='bbox 1485 2484 1699 2560; x_wconf 59' lang='lat' dir='ltr'><strong>(9585)1¹3&#39;y-</strong></span> 
     </span>
     <span class='ocr_line' id='line_1_38' title="bbox 254 2562 1699 2610; baseline -0.004 -8"><span class='ocrx_word' id='word_1_233' title='bbox 254 2567 415 2602; x_wconf 88' lang='lat' dir='ltr'><strong>zantinae</strong></span> <span class='ocrx_word' id='word_1_234' title='bbox 446 2568 542 2601; x_wconf 90' lang='lat' dir='ltr'><strong>urbis</strong></span> <span class='ocrx_word' id='word_1_235' title='bbox 573 2566 751 2601; x_wconf 88' lang='lat' dir='ltr'><strong>ecclesiam</strong></span> <span class='ocrx_word' id='word_1_236' title='bbox 780 2565 890 2610; x_wconf 85' lang='lat' dir='ltr'><strong>rexit,</strong></span> <span class='ocrx_word' id='word_1_237' title='bbox 926 2565 985 2610; x_wconf 91' lang='lat' dir='ltr'><strong>qui</strong></span> <span class='ocrx_word' id='word_1_238' title='bbox 1015 2576 1107 2598; x_wconf 85' lang='lat' dir='ltr'><strong>nova</strong></span> <span class='ocrx_word' id='word_1_239' title='bbox 1139 2575 1276 2610; x_wconf 88' lang='lat' dir='ltr'><strong>quoque</strong></span> <span class='ocrx_word' id='word_1_240' title='bbox 1304 2564 1443 2598; x_wconf 84' lang='lat' dir='ltr'><strong>condita</strong></span> <span class='ocrx_word' id='word_1_241' title='bbox 1466 2563 1509 2597; x_wconf 80' lang='lat' dir='ltr'><strong>ad</strong></span> <span class='ocrx_word' id='word_1_242' title='bbox 1535 2562 1699 2596; x_wconf 88' lang='lat' dir='ltr'><strong>orandum</strong></span> 
     </span>
     <span class='ocr_line' id='line_1_39' title="bbox 253 2609 1698 2657; baseline -0.005 -10"><span class='ocrx_word' id='word_1_243' title='bbox 253 2613 340 2647; x_wconf 87' lang='lat' dir='ltr'><strong>aede</strong></span> <span class='ocrx_word' id='word_1_244' title='bbox 370 2612 407 2646; x_wconf 88' lang='lat' dir='ltr'><strong>in</strong></span> <span class='ocrx_word' id='word_1_245' title='bbox 437 2612 580 2657; x_wconf 85' lang='lat' dir='ltr'><strong>regione</strong></span> <span class='ocrx_word' id='word_1_246' title='bbox 611 2623 699 2657; x_wconf 89' lang='lat' dir='ltr'><strong>quae</strong></span> <span class='ocrx_word' id='word_1_247' title='bbox 731 2610 857 2644; x_wconf 86' lang='lat' dir='ltr'><strong>dicitur</strong></span> <span class='ocrx_word' id='word_1_248' title='bbox 882 2611 975 2655; x_wconf 86' lang='lat' dir='ltr'><strong>olea,</strong></span> <span class='ocrx_word' id='word_1_249' title='bbox 1010 2610 1062 2644; x_wconf 88' lang='lat' dir='ltr'><strong>ibi</strong></span> <span class='ocrx_word' id='word_1_250' title='bbox 1083 2621 1232 2654; x_wconf 80' lang='lat' dir='ltr'><strong>synaxes</strong></span> <span class='ocrx_word' id='word_1_251' title='bbox 1258 2609 1453 2644; x_wconf 83' lang='lat' dir='ltr'><strong>celebrabat</strong></span> <span class='ocrx_word' id='word_1_252' title='bbox 1477 2609 1554 2653; x_wconf 80' lang='lat' dir='ltr'><strong>pie3</strong></span> <span class='ocrx_word' id='word_1_253' title='bbox 1595 2618 1698 2651; x_wconf 88' lang='lat' dir='ltr'><strong>quam</strong></span> 
     </span>
     <span class='ocr_line' id='line_1_40' title="bbox 251 2654 1700 2703; baseline -0.005 -11"><span class='ocrx_word' id='word_1_254' title='bbox 251 2659 371 2692; x_wconf 86' lang='lat' dir='ltr'><strong>aedem</strong></span> <span class='ocrx_word' id='word_1_255' title='bbox 395 2664 518 2703; x_wconf 82' lang='lat' dir='ltr'><strong>postea</strong></span> <span class='ocrx_word' id='word_1_256' title='bbox 540 2668 682 2702; x_wconf 89' lang='lat' dir='ltr'><strong>magnus</strong></span> <span class='ocrx_word' id='word_1_257' title='bbox 705 2656 951 2691; x_wconf 82' lang='lat' dir='ltr'><strong>Constantinus</strong></span> <span class='ocrx_word' id='word_1_258' title='bbox 985 2657 1110 2699; x_wconf 87' lang='lat'>(9590)</span> <span class='ocrx_word' id='word_1_259' title='bbox 1141 2656 1366 2690; x_wconf 85' lang='lat' dir='ltr'><strong>instauratam</strong></span> <span class='ocrx_word' id='word_1_260' title='bbox 1394 2654 1572 2699; x_wconf 83' lang='lat' dir='ltr'><strong>plurimum</strong></span> <span class='ocrx_word' id='word_1_261' title='bbox 1597 2663 1700 2686; x_wconf 85' lang='lat' dir='ltr'><strong>exor-</strong></span> 
     </span>
     <span class='ocr_line' id='line_1_41' title="bbox 251 2698 1702 2749; baseline -0.004 -12"><span class='ocrx_word' id='word_1_262' title='bbox 251 2704 360 2738; x_wconf 85' lang='lat' dir='ltr'><strong>navit.</strong></span> <span class='ocrx_word' id='word_1_263' title='bbox 409 2704 488 2737; x_wconf 85' lang='lat' dir='ltr'><strong>exin</strong></span> <span class='ocrx_word' id='word_1_264' title='bbox 511 2704 746 2749; x_wconf 81' lang='lat' dir='ltr'><strong>pontificatum</strong></span> <span class='ocrx_word' id='word_1_265' title='bbox 769 2707 950 2746; x_wconf 88' lang='lat' dir='ltr'><strong>gesserunt</strong></span> <span class='ocrx_word' id='word_1_266' title='bbox 972 2701 1111 2745; x_wconf 87' lang='lat' dir='ltr'><strong>Zoilus,</strong></span> <span class='ocrx_word' id='word_1_267' title='bbox 1137 2700 1345 2735; x_wconf 86' lang='lat' dir='ltr'><strong>Laurentius</strong></span> <span class='ocrx_word' id='word_1_268' title='bbox 1370 2705 1406 2733; x_wconf 86' lang='lat' dir='ltr'><strong>et</strong></span> <span class='ocrx_word' id='word_1_269' title='bbox 1429 2698 1574 2743; x_wconf 84' lang='lat' dir='ltr'><strong>Alypius</strong></span> <span class='ocrx_word' id='word_1_270' title='bbox 1597 2703 1702 2742; x_wconf 84' lang='lat' dir='ltr'><strong>atque</strong></span> 
     </span>
     <span class='ocr_line' id='line_1_42' title="bbox 250 2742 1701 2791; baseline -0.006 -8"><span class='ocrx_word' id='word_1_271' title='bbox 250 2749 418 2783; x_wconf 83' lang='lat' dir='ltr'><strong>Pertinax</strong></span> <span class='ocrx_word' id='word_1_272' title='bbox 440 2750 495 2782; x_wconf 89' lang='lat' dir='ltr'><strong>vir</strong></span> <span class='ocrx_word' id='word_1_273' title='bbox 518 2747 707 2783; x_wconf 84' lang='lat' dir='ltr'><strong>consularis</strong></span> <span class='ocrx_word' id='word_1_274' title='bbox 731 2753 766 2782; x_wconf 88' lang='lat' dir='ltr'><strong>et</strong></span> <span class='ocrx_word' id='word_1_275' title='bbox 787 2752 927 2781; x_wconf 85' lang='lat' dir='ltr'><strong>senator</strong></span> <span class='ocrx_word' id='word_1_276' title='bbox 949 2746 1096 2789; x_wconf 87' lang='lat' dir='ltr'><strong>nobilis,</strong></span> <span class='ocrx_word' id='word_1_277' title='bbox 1130 2746 1190 2791; x_wconf 87' lang='lat' dir='ltr'><strong>qui</strong></span> <span class='ocrx_word' id='word_1_278' title='bbox 1221 2744 1418 2780; x_wconf 84' lang='lat' dir='ltr'><strong>aedificavit</strong></span> <span class='ocrx_word' id='word_1_279' title='bbox 1448 2743 1610 2788; x_wconf 86' lang='lat' dir='ltr'><strong>templum</strong></span> <span class='ocrx_word' id='word_1_280' title='bbox 1636 2742 1701 2776; x_wconf 86' lang='lat' dir='ltr'><strong>mi-</strong></span> 
     </span>
     <span class='ocr_line' id='line_1_43' title="bbox 252 2790 1701 2841; baseline -0.006 -12"><span class='ocrx_word' id='word_1_281' title='bbox 252 2806 326 2830; x_wconf 88' lang='lat' dir='ltr'><strong>rum</strong></span> <span class='ocrx_word' id='word_1_282' title='bbox 348 2794 573 2841; x_wconf 87' lang='lat' dir='ltr'><strong>splendidum,</strong></span> <span class='ocrx_word' id='word_1_283' title='bbox 601 2793 724 2838; x_wconf 84' lang='lat'><strong>(9595)</strong></span> <span class='ocrx_word' id='word_1_284' title='bbox 747 2793 892 2838; x_wconf 85' lang='lat' dir='ltr'><strong>quodam</strong></span> <span class='ocrx_word' id='word_1_285' title='bbox 915 2792 952 2826; x_wconf 92' lang='lat' dir='ltr'><strong>in</strong></span> <span class='ocrx_word' id='word_1_286' title='bbox 976 2792 1050 2826; x_wconf 88' lang='lat' dir='ltr'><strong>loco</strong></span> <span class='ocrx_word' id='word_1_287' title='bbox 1073 2791 1130 2826; x_wconf 89' lang='lat' dir='ltr'><strong>cui</strong></span> <span class='ocrx_word' id='word_1_288' title='bbox 1153 2802 1275 2825; x_wconf 85' lang='lat' dir='ltr'><strong>nomen</strong></span> <span class='ocrx_word' id='word_1_289' title='bbox 1299 2795 1353 2824; x_wconf 88' lang='lat' dir='ltr'><strong>est</strong></span> <span class='ocrx_word' id='word_1_290' title='bbox 1372 2790 1501 2834; x_wconf 80' lang='lat' dir='ltr'><strong>Sycae.</strong></span> <span class='ocrx_word' id='word_1_291' title='bbox 1549 2798 1701 2833; x_wconf 85' lang='lat' dir='ltr'><strong>sequun-</strong></span> 
     </span>
    </p>
   </div>
  </div>
 </body>
</html>
