1786 3080
204 131 232 175 8
240 131 268 175 8
750 132 1102 179 EPHRAEMIUS

206 241 314 284 1935
339 246 410 285 τοῦ
436 242 478 284 δ’
496 243 710 299 Ἀδριανοῦ
726 240 841 286 mina
859 244 1058 296 θανόντος
1069 243 1228 302 Ῥώμης

339 312 491 361 αι’δοῖος
512 311 612 367 ἀνὴρ
632 313 698 352 καὶ
718 310 936 367 σεβάσμιος
953 314 1079 356 Λέων

337 380 552 435 προεδρίαν
573 378 711 437 εἴληφε
729 378 878 436 ταύτης
899 381 1087 435 ἐννόμως.

338 445 384 488 ὃν
407 449 643 490 στασιασταὶ
665 447 931 501 συλλαβόντες
952 451 995 492 ἐκ
1017 446 1179 506 φθόνου

336 513 488 568 ὄμματ’
513 514 768 570 ἐλωβήσαντο
788 517 903 559 ‘cova'
924 517 996 560 οὒκ
1014 519 1070 567 εἷς
1085 514 1235 569 βάθος,

202 581 312 625 1940
336 581 565 638 σφήλαντος
582 583 717 633 αὐτοῖς
731 586 806 626 τοῦ
825 589 925 627 θεοῦ
944 584 1018 635 τὰς
1033 585 1219 634 ἐλπίδας·

333 649 431 692 ὅθεν
450 648 652 708 Καρούλῳ
670 654 883 708 προσρυεὶς
900 652 989 709 ῥηγὶ
1010 650 1224 708 Φράγγων,

333 716 478 760 τούτου
501 717 688 774 συνάρσει
710 719 906 773 λαμβάνει
927 719 1046 762 πάλιν
1068 719 1218 776 θρόνον

334 787 401 827 καὶ
421 785 515 835 τοὺς
531 784 728 842 ὑβριστὰς
748 787 1014 843 ἀπαμύνεται
1032 789 1138 845 δίκῃ.

336 852 382 902 ὃν
400 855 467 895 καὶ
487 855 621 896 decada*
633 859 824 911 βασιλικῇ
842 857 987 915 ταινίᾳ,

203 917 312 962 1945
338 920 611 976 ἀναγορεύσας
631 921 910 980 αὐτοκράτορα
925 922 1102 978 Ῥώμης·

335 988 413 1045 ἀφ’
437 983 486 1031 οὗ
507 990 698 1043 κατέσχον
717 990 922 1048 βάρβαροι
941 989 1123 1047 Φράγγοι
1134 988 1305 1047 Ῥώμην,

333 1058 377 1099 ἐκ
400 1057 616 1112 Γερμανῶν
639 1058 816 1109 ἕλκοντες
836 1059 995 1102 ἄνωθεν
1014 1059 1140 1114 γένος,

333 1122 390 1174 ὡς
410 1122 548 1167 ἀνόπιν
568 1125 699 1182 εἴρητο
717 1126 991 1183 συγγράφοντί
1001 1143 1086 1180 μοι.

327 1191 498 1242 Ἰταλίας
516 1193 589 1247 μὲν
610 1200 694 1243 τοῖς
715 1193 824 1250 ὅροις
845 1192 1071 1251 εἷσεφθάρη

202 1258 310 1300 1950
332 1263 490 1316 πρῶτον
511 1261 623 1316 γένος
644 1266 781 1318 σφῶν,
815 1262 974 1305 ἕκλιπὸν
991 1262 1064 1316 τὴν
1083 1264 1273 1318 πατρίδα,

333 1331 400 1370 καὶ
421 1328 494 1381 τὴν
508 1329 670 1370 Ἰταλῶν
690 1337 773 1379 τοῖς
790 1329 928 1380 ὅπλοις
944 1331 1188 1386 κατατρέχων

330 1394 488 1450 Ῥώμην
507 1395 795 1451 μεγαλώνυμον
812 1397 903 1452 ἠνία
924 1397 1055 1439 πλέον.

334 1467 408 1505 τοῦ
431 1463 471 1505 δ’
491 1462 676 1519 'Ioui-pov
696 1466 880 1515 Λέοντος
899 1465 1093 1521 ἄρχοντος
1112 1462 1286 1520 κράτους

336 1532 403 1573 καὶ
423 1532 733 1584 δυσσεβοῦντος,
767 1530 822 1581 ὥς
838 1532 915 1588 ἔφη
936 1522 1104 1588 φθάσας
1123 1529 1252 1586 λόγος,

205 1597 311 1637 1955
331 1597 488 1652 Ῥώμης
506 1602 681 1648 παλαιᾶς
700 1597 721 1641 ὅ
739 1598 935 1656 πρόεδρος
956 1601 1023 1641 καὶ
1045 1598 1175 1653 θύτης

336 1665 618 1720 ἅποστατήσας
634 1668 675 1707 Γ
671 1665 856 1723 ρηγόριος
874 1668 1023 1716 ένθέως

338 1736 457 1789 ζυγοῦ
475 1751 517 1776 τε
538 1733 709 1790 κράτους
727 1735 837 1792 ἱερᾶς
857 1731 1063 1784 κοινωνίας

337 1800 490 1851 ἔξωθεν
508 1800 591 1844 ὄντι
610 1803 819 1845 σπένδεται
840 1801 1041 1858 Φράγγων
1058 1801 1173 1857 γένει,

340 1871 406 1910 καὶ
426 1869 499 1924 τὴν
519 1870 619 1925 πρὸς
640 1869 785 1921 αὐτοὺς
803 1868 1066 1925 συγκαταλύει
1084 1868 1234 1924 μάχην.

207 1937 315 1977 1960
340 1938 401 1978 ἐπὶ
423 1937 463 1983 δ’
486 1936 666 1980 ἀνάκτων
684 1937 858 1994 Εἰρήνης
875 1939 1179 1980 Κωνσταντίνου

335 2003 491 2059 Ῥώμης
506 2006 631 2048 Λέων
646 2005 835 2048 ἔντοσθεν
852 2006 998 2055 αὐτοὺς
1015 2003 1162 2061 εἰσάγει

202 2130 320 2166 rediit.
367 2132 492 2175 (1935)
517 2133 584 2167 iam
607 2132 787 2169 Hadriano
809 2145 903 2179 papa
925 2134 1055 2168 Romae
1077 2136 1232 2177 mortuo,
1269 2132 1326 2167 vir
1352 2133 1559 2168 venerabilis
1588 2134 1652 2169 ho-

201 2177 444 2222 norandusque
463 2178 536 2213 Leo
556 2179 786 2223 pontificalem
807 2179 876 2213 rite
899 2179 1084 2223 occupavit
1104 2180 1240 2219 sedem3
1265 2178 1320 2212 cui
1343 2179 1503 2214 seditiosi
1522 2180 1653 2214 invidi-

201 2233 271 2266 que
293 2223 447 2258 homines
469 2223 603 2259 oculum
623 2224 714 2258 haud
733 2224 885 2258 letaliter
906 2224 1150 2266 vulnerarunt,
1173 2225 1298 2267 (1940)
1320 2236 1384 2269 spe
1405 2236 1489 2270 sna,
1518 2225 1654 2259 volente

203 2267 255 2300 sic
284 2267 372 2312 deo,
407 2269 582 2305 frustrati.
641 2269 674 2303 is
706 2280 791 2303 vero
821 2270 866 2304 ad
896 2281 1012 2313 regem
1043 2270 1255 2303 Francorum
1289 2269 1448 2304 Carolum
1482 2270 1653 2315 confugit,
1683 2269 1687 2271 ’

204 2312 375 2358 huiusque
411 2326 479 2359 ope
514 2314 651 2360 recepit
686 2315 824 2358 sedem,
869 2314 1102 2359 maleficisque
1140 2314 1293 2348 meritam
1329 2315 1459 2349 inflixit
1491 2327 1653 2361 poenam.

203 2367 311 2401 quare
332 2359 362 2392 is
387 2360 547 2395 Carolum
569 2365 747 2394 stemmate
767 2359 878 2404 regali
896 2360 1052 2403 ornavit,
1076 2360 1202 2403 (1945)
1225 2371 1370 2405 eumque
1389 2361 1522 2395 Romae
1541 2361 1653 2406 impe·
1685 2383 1688 2386 -

203 2407 354 2438 ratorem
373 2405 472 2439 fecit.
519 2405 599 2440 hinc
619 2410 805 2440 tenuerunt
825 2407 966 2439 Romam
990 2405 1119 2439 Franci
1138 2406 1298 2449 barbari,
1319 2406 1380 2452 qui
1402 2407 1654 2440 Germanorum

203 2458 333 2491 genere
366 2451 503 2486 oriundi
534 2457 651 2495 erant,
686 2451 779 2496 quod
810 2463 864 2485 me
896 2451 1056 2496 superius
1087 2450 1225 2484 memini
1254 2452 1321 2484 iam
1353 2451 1520 2487 scribere.
1566 2460 1653 2495 gens

206 2493 292 2526 haec
323 2494 402 2528 olim
434 2508 497 2531 sua
524 2497 647 2531 relicta.
671 2497 788 2542 patria
821 2496 945 2540 (1950)
968 2496 1055 2529 fines
1081 2496 1203 2529 Italiae
1225 2496 1383 2541 primitus
1406 2496 1562 2541 ingressa
1585 2501 1652 2539 est,

205 2549 349 2583 eamque
372 2542 475 2575 armis
497 2554 557 2576 sus
579 2543 691 2586 deque
713 2553 919 2575 concursans
943 2540 1095 2584 inclytae
1117 2542 1321 2586 praesertim
1347 2542 1479 2576 Romae
1509 2541 1654 2576 molesta

204 2589 294 2617 erat.
339 2586 402 2619 sed
426 2587 515 2621 enim
536 2588 728 2632 imperante
747 2587 868 2620 Leone
890 2586 1047 2620 Isaurico
1070 2587 1308 2631 haeresimque
1331 2588 1493 2629 fovente,
1522 2592 1562 2621 ut
1583 2586 1653 2620 iam

203 2628 369 2673 diximus,
397 2632 521 2675 (1955)
543 2633 674 2667 Romae
696 2632 827 2666 veteris
849 2632 977 2677 primas
1000 2637 1036 2665 et
1055 2633 1216 2666 sacerdos
1235 2632 1428 2677 Gregorius
1448 2633 1492 2665 ab
1511 2643 1551 2665 se
1568 2642 1652 2676 rep-

203 2674 292 2719 pulit
320 2675 487 2711 divinitus
519 2677 635 2722 iugum
657 2677 795 2722 imperii
817 2682 853 2711 et
872 2688 1004 2711 sacram
1028 2678 1316 2720 communionem,
1350 2682 1387 2711 et
1409 2688 1484 2710 cum
1508 2682 1652 2710 externo

202 2731 331 2763 genere
354 2722 577 2766 Francorum,
600 2723 726 2757 omisso
747 2722 849 2764 bello,
875 2733 992 2768 pacem
1014 2722 1207 2768 foedusque
1222 2723 1314 2758 iniit.
1362 2722 1488 2765 (1960)
1504 2721 1654 2765 denique

204 2767 268 2800 nub
301 2766 403 2801 Irene
437 2767 735 2814 Constantinoque
766 2768 906 2814 regibus
934 2767 1027 2802 intra
1053 2769 1207 2803 Romana
1231 2768 1364 2803 moenia
1388 2768 1544 2801 Francos
1567 2767 1653 2809 Leo,
