1786 3080
257 124 317 170 16
795 121 1143 166 EPHRAEMIUS

389 233 525 292 οἷσπερ
545 235 840 293 συνηρίθμηντο
860 232 1042 291 σύγγονοι
1061 233 1147 292 δύο,

273 307 353 348 180
386 303 407 347 ὅ
429 302 623 362 γρήγόρος
639 308 750 356 νοῦς,
780 303 1092 360 θαυματουργὸς
1109 301 1334 357 τοῦπίκλην,

386 372 486 430 πρὸς
507 371 550 414 δ’
573 367 625 416 αὖ
641 371 942 429 Ἀθηνόδωρος,
977 372 1052 425 οὐχ
1069 369 1198 427 ἥττων
1215 367 1369 427 λόγους.

803 465 981 505 Φίλιππος
1004 462 1065 511 ἔτη
1087 463 1134 505 ς’.

383 528 507 572 Μεθ’
532 526 602 579 οὓς
626 529 823 578 Φίλιππος
841 527 1007 582 εὐμενὴς
1022 525 1326 584 χριστωνόμοις,

382 600 536 650 μᾶλλον
559 597 602 639 δὲ
621 599 789 654 Χριστῷ
808 597 1078 652 προσδραμεῖν
1098 596 1207 651 αἱρεῖ
1220 593 1336 651 λόγος

385 664 510 718 εὐχῶν
527 682 570 707 τε
589 671 741 714 πιστοῖς
757 669 1046 717 συμμετασχεῖν
1064 663 1257 717 ἀσμένως,

273 733 351 774 185
385 733 456 774 καί
470 732 508 774 οἳ
525 732 803 788 θριαμβεῦσαί
818 748 862 787 γε
883 731 935 772 τὰ
956 731 1224 787 πεπραγμένα,

385 799 517 850 ἄλλως
536 801 740 856 προέδρων
761 797 874 841 τόνδε
895 797 952 852 μὴ
975 798 1227 854 δεδεγμένων.
1292 839 1296 841 s

385 862 419 925 ᾧ
439 865 603 924 Βόστρα
623 869 786 924 πατρίς,
813 860 862 909 οὗ
880 867 1016 915 κτίσας
1034 865 1111 920 ἔχει
1130 865 1259 920 πόλιν,

383 935 433 989 ἣν
454 939 531 986 πᾶς
551 935 751 978 Φιλίππου
769 933 886 990 τήνδε
903 935 1061 992 φημίζει
1079 932 1207 977 πόλιν.

815 1029 947 1071 Δέκιος
968 1029 1047 1071 ἔτος
1068 1029 1117 1066 α’.

388 1089 488 1134 Εἶτα
507 1092 653 1142 Δέκιος
670 1097 742 1135 τοῦ
762 1092 932 1147 κράτους
950 1092 1212 1150 δεδραγμένος

273 1162 352 1202 190
387 1159 509 1209 εὐθὺς
530 1160 703 1215 διωγμὸν
722 1162 825 1203 κατὰ
843 1165 992 1204 πιστῶν
1010 1162 1179 1217 ἐκφέρει,

387 1227 432 1269 ὃν
451 1225 665 1283 ὑπερέσχον
686 1227 872 1282 εῧψύχως
886 1229 1141 1284 ἧνδρισμένοι

385 1293 617 1350 Κυπριανός
635 1313 676 1336 τε
696 1293 891 1347 Βαβύλας
909 1297 974 1335 καὶ
988 1295 1146 1348 μυρίοι·

386 1361 552 1414 ἥττηντο
577 1361 617 1402 δ’
644 1360 758 1401 ἄλλοι
777 1362 842 1401 καὶ
862 1358 987 1408 τάλας
1003 1359 1218 1415 Ὠριγένης.

384 1427 471 1471 τότ’
495 1423 542 1482 ἦν
565 1426 773 1477 Ναυάτος,
800 1425 826 1481 ἡ
846 1425 1135 1482 μισάνθρωπος
1155 1423 1288 1482 φύσις,
1352 1420 1355 1444 t

276 1498 353 1540 195
388 1497 595 1550 ἐκκλησίας
615 1495 655 1536 δ’
676 1494 731 1536 ὢν
744 1493 950 1547 Ῥωμαίων
970 1492 1177 1547 θυηπόλος

386 1562 533 1621 ἔφασκε
553 1562 609 1616 μθ
631 1564 711 1604 δεῖν
730 1559 923 1615 βασάνοις
942 1558 1163 1612 τεθυκότας

386 1634 675 1686 μετανοοῦντας
693 1629 989 1686 προσδέχεσθαι
1009 1625 1215 1675 καθάπαξ.

389 1699 412 1740 ὃ
433 1696 630 1754 πατράσιν
652 1697 760 1747 ἔδοξε
783 1698 949 1746 πίστεως
969 1695 1110 1747 νόθον,

389 1767 454 1807 καὶ
473 1766 530 1820 μὴ
550 1765 766 1820 μεταγνοὺς
786 1762 1063 1821 ἐκκεκήρυκται
1084 1760 1222 1811 τάλας.

472 1872 537 1907 191
561 1868 606 1907 ὃν
629 1872 748 1906 codex.
787 1871 855 1906 nisi
877 1870 986 1905 mavis
1009 1862 1075 1903 niv.
1102 1868 1155 1902 Μ.
1339 1866 1405 1902 194
1425 1866 1477 1902 ita
1499 1867 1600 1902 etiam
1624 1865 1697 1901 Ζο-

468 1928 585 1952 naras.
611 1918 673 1952 sed
694 1916 936 1962 intelligendus
957 1915 1075 1960 potius
1096 1913 1327 1949 Novatianus.
1351 1912 1402 1947 M.

256 2008 354 2055 pulos
377 2007 573 2050 erudiebat3
603 2017 746 2051 quorum
769 2010 867 2042 erant
887 2007 926 2041 in
948 2017 1087 2041 numero
1109 2005 1238 2040 fratres
1261 2003 1349 2047 duo,
1379 2001 1480 2046 (180)
1503 1994 1695 2046 Gregorius

257 2058 479 2099 cognomento
503 2053 778 2098 thaumaturgus,
805 2058 909 2097 atque
932 2052 1169 2087 Athenodorus
1191 2049 1349 2085 doctrina
1369 2059 1439 2082 non
1458 2047 1615 2082 inferior.

819 2120 1004 2164 Philippus
1028 2130 1088 2153 an.
1112 2120 1148 2152 6.

349 2176 495 2210 Secutus
519 2176 572 2208 est
594 2173 795 2218 Philippus,
828 2173 1034 2208 Christianis
1055 2172 1255 2215 benivolus,
1287 2171 1389 2204 immo
1411 2179 1516 2212 vero,
1547 2171 1586 2202 ut
1607 2169 1698 2202 fama

254 2225 330 2267 est,
356 2221 488 2255 Christi
509 2218 656 2262 assecla,
684 2219 892 2253 credentium
915 2219 1075 2252 sodalitio
1101 2217 1240 2261 adiungi
1262 2220 1383 2260 optans
1410 2214 1511 2257 (185)
1537 2213 1697 2247 Christo-

257 2279 325 2311 que
356 2277 436 2300 suos
467 2264 656 2309 triumphos
685 2263 818 2297 referre
851 2270 1033 2308 acceptos;
1064 2274 1163 2307 quem
1193 2267 1307 2296 tamen
1337 2259 1427 2294 sacri
1457 2269 1526 2291 non
1548 2258 1696 2292 admise-

257 2318 336 2345 runt
364 2309 553 2356 praesules.
600 2309 680 2342 huic
703 2308 829 2344 Bostra
849 2309 981 2354 patria3
1014 2320 1124 2354 prope
1146 2318 1247 2353 quam
1269 2305 1368 2341 aliam
1391 2303 1564 2348 condidit,
1596 2314 1697 2349 quam

256 2355 412 2402 Philippi
433 2357 553 2391 urbem
575 2365 690 2389 omnes
711 2354 882 2390 vocitant.

842 2420 974 2456 Decius
996 2431 1058 2455 an.
1084 2421 1118 2455 1.

343 2477 493 2523 Imperio
522 2479 646 2523 postea
672 2476 801 2523 potitus
832 2476 959 2511 Decius
995 2477 1094 2519 (190)
1129 2473 1345 2509 Christianos
1367 2473 1443 2507 sine
1464 2482 1560 2506 mora
1582 2468 1699 2514 eoepit

255 2523 437 2568 persequi;
471 2523 526 2556 cui
555 2523 757 2558 restiterunt
787 2521 917 2566 insigni
943 2520 1148 2555 fortitudine
1175 2519 1371 2564 Cyprianus
1393 2517 1544 2560 Babylas
1567 2514 1697 2558 aliique

254 2567 405 2613 plurimi.
451 2567 539 2612 lapsi
570 2573 649 2602 sunt
675 2567 753 2609 alii3
790 2567 827 2600 in
856 2567 910 2601 his
939 2566 1063 2600 infelix
1093 2565 1278 2609 Origenes.
1324 2569 1406 2598 tunc
1436 2563 1506 2596 fuit
1534 2560 1696 2595 Novatus

254 2612 405 2647 malivoli
439 2613 492 2646 vir
523 2613 673 2656 ingenii;
706 2611 807 2656 (195)
839 2612 899 2655 qui
924 2623 998 2645 cum
1021 2611 1195 2645 Romanae
1219 2609 1384 2644 ecclesiae
1405 2606 1566 2642 sacerdos
1589 2607 1695 2647 esset,

256 2669 316 2692 eos
341 2658 399 2702 qui
423 2657 631 2691 cruciatibus
653 2658 738 2693 victi
760 2657 1032 2699 sacrificassent,
1056 2656 1100 2689 ad
1123 2655 1367 2701 paenitentiam
1389 2652 1547 2696 recipere
1569 2660 1696 2694 perne-

255 2703 372 2747 gabat.
418 2702 455 2735 id
483 2702 606 2746 dogma
635 2703 792 2748 patribus
824 2714 845 2738 a
871 2702 941 2737 fide
963 2701 1110 2737 alienum
1133 2701 1245 2735 visum
1268 2704 1345 2742 est3
1379 2698 1436 2733 cui
1459 2697 1540 2731 dum
1562 2694 1696 2739 haeret,

257 2747 490 2784 communione
512 2747 633 2782 infelix
655 2748 805 2793 pellitur.
