1786 3080
244 174 338 220 388
788 177 1141 223 EPHRAEMIUS

375 291 446 342 τῆς
469 287 774 332 Κωνσταντίνου
797 289 868 333 τὸν
889 289 1120 348 περίκλυτον
1139 290 1304 349 θρόνον,

239 357 347 399 9675
374 354 402 410 ἢ
422 359 577 409 μᾶλλον
599 358 716 400 cinctu
727 389 741 409 ‚
775 358 847 413 τὴν
866 357 1126 415 τετράκλιμον
1145 361 1269 405 κτίσιν

376 424 653 474 διδασκαλίαις
674 425 883 483 φαιδρύνει
906 427 1010 469 καθ’
1033 425 1199 484 ἡμέραν,

375 492 606 546 οἵκουμένης
626 492 738 547 ἣλιος
758 493 814 536 ὢν
835 493 1110 553 ψυχοτρόφος.

374 554 422 602 οὗ
437 564 511 602 τοῦ
526 558 679 616 θρόνου
700 565 778 618 φεῦ
796 561 1092 614 ἀπελασθέντος
1110 560 1256 622 φθόνῳ

376 630 431 677 εἷς
451 627 492 669 δ’
516 627 748 684 ἀλλοδαπὴν
766 631 1052 685 ἓκδιωχθέντος
1066 630 1216 685 χθόνα,

241 697 351 739 9680
373 695 445 749 τὴν
463 696 504 737 έν
521 694 727 750 Κομάνοις
744 696 913 754 ἐσχάτην
930 700 1110 756 ἐρημίαν,

375 758 424 805 οὗ
443 765 692 821 μακαριστὸν
711 765 798 820 ἴσχε
820 768 887 808 καὶ
903 767 1031 824 τέρμα
1050 768 1158 821 βίου,

325 862 338 871 .
373 832 539 887 γηραιὸς
552 831 782 887 Ἀρσάκιος,
817 833 999 890 Ξζιιψυχος
1017 835 1143 886 νέκυς,

372 900 473 955 πρὸς
494 903 702 952 βασιλίδος
721 902 992 958 ἕγκατεστάθη
1014 900 1155 960 θρόνῳ

375 968 593 1019 Εὖδοξιάς,
630 974 704 1026 φεῦ
728 967 812 1020 οἷος
833 969 889 1013 ὢν
908 970 1009 1025 μετὰ
1031 972 1132 1022 τίνα,

243 1037 351 1078 9685
375 1035 478 1089 μεθ’
502 1035 614 1090 ἥλιον
637 1034 810 1092 ζόφωσις
831 1038 905 1080 εἴτ’
932 1039 1119 1092 ἀκοσμία.

459 1102 617 1147 Τούτου
639 1106 992 1163 καταστρέψαντος
1011 1107 1052 1148 ἓν
1070 1103 1209 1163 θρόνῳ
1227 1104 1330 1158 βίον,

375 1171 643 1228 πρεσβύτερός
662 1190 722 1223 τις
744 1174 917 1228 εὐλαβὴς
938 1175 1158 1229 ἐκκλησίας,

376 1243 514 1294 κλῆσιν
533 1239 729 1292 Ἀττικός,
764 1243 974 1298 ἐμπρέπων
994 1244 1072 1299 βίῳ
1095 1239 1213 1299 λόγῳ,

375 1314 520 1361 κοσμεῖ
537 1309 742 1366 καθέδραν
765 1310 874 1367 ἱερὰν
895 1311 1150 1362 Βυζαντίδος.

241 1377 352 1418 9690
453 1377 575 1418 Μεθ’
597 1376 642 1418 ὅν
661 1393 721 1426 τις
738 1379 953 1430 Σισίννιος,
989 1378 1088 1434 ἀνὴρ
1109 1374 1347 1434 πρεσβύτης,

375 1447 447 1498 τῆς
467 1443 556 1485 κατ’
577 1443 738 1486 Ἐλαίαν
758 1444 812 1487 ὢν
833 1444 1204 1507 θύτηςέκκλησίας,

376 1516 505 1568 πρᾶος
523 1512 691 1568 γεραρὸς
707 1515 772 1554 καὶ
791 1514 934 1567 νομεὺς
952 1512 1226 1570 ψυχοτρόφος.

462 1578 619 1620 Τούτου
638 1579 835 1630 θανόντος
852 1579 1073 1638 Νεστόριός
1089 1598 1170 1633 τις,
1203 1578 1334 1636 θύτης

379 1650 450 1700 τῆς
465 1644 667 1700 Ἀντιόχου
690 1647 888 1702 δυσσεβὴς
906 1651 972 1690 καὶ
994 1647 1222 1704 κακόφρων,

245 1714 355 1756 9695
382 1712 513 1767 στόμα
531 1714 726 1770 βδελυρὸν
747 1717 812 1757 καὶ
830 1716 1002 1770 βέβηλος
1022 1717 1182 1771 καρδία,

375 1779 402 1835 ἢ
424 1781 579 1835 λυμεὼν
598 1780 718 1832 λύκος
735 1800 818 1834 τις,
852 1783 1013 1842 ἐμπηδᾷ
1031 1781 1195 1842 θρόνῳ·

378 1847 488 1899 ὅστις
506 1852 731 1904 γυμνωθεὶς
751 1850 967 1906 ἱερωσύνης
983 1849 1137 1907 θρόνου

379 1916 435 1958 δι’
458 1916 558 1972 ἅπερ
576 1916 770 1973 ἠρεύξατο
789 1917 970 1974 δόγματα
990 1918 1096 1961 νόθα

377 1984 478 2040 πρὸς
500 1983 672 2027 συνόδου
694 1987 828 2042 τρίτης
848 1991 920 2041 τῆς
939 1988 980 2029 ἐν
999 1987 1169 2044 Ἐφέσῳ,

458 2090 549 2125 9699
572 2089 639 2132 τῆς
660 2090 785 2135 τρίτης
807 2092 901 2135 τῆςῖ)

245 2178 323 2213 chia
354 2177 521 2213 divinitus
554 2179 682 2213 effulsit
704 2181 748 2214 ad
770 2181 997 2224 Byzantinam
1018 2180 1282 2215 collustrandam
1305 2180 1443 2222 sedem3
1475 2181 1600 2224 (9675)
1634 2180 1690 2216 vel

244 2225 361 2270 potius
393 2224 556 2259 universo
584 2225 698 2259 illuxit
727 2228 871 2272 mundo,
908 2239 1007 2272 quem
1028 2227 1226 2272 magisterio
1246 2237 1309 2260 suo
1334 2226 1490 2271 quotidie
1510 2226 1691 2271 illuminat,

247 2282 330 2304 vere
360 2269 517 2304 universi
547 2270 642 2305 orbis
674 2270 726 2305 sol
756 2272 930 2307 vivificus.
976 2278 1081 2317 atque
1109 2272 1176 2305 hoc
1204 2272 1288 2306 sede
1315 2273 1359 2305 ab
1390 2271 1519 2305 invidis
1547 2271 1690 2317 expulso

248 2321 353 2360 atque
386 2316 429 2350 ad
462 2320 643 2350 extraneas
672 2318 861 2360 proterrito
890 2318 1074 2362 regiones,
1107 2318 1229 2360 (9680)
1262 2317 1306 2350 ad
1338 2317 1556 2351 comunicam
1587 2317 1692 2352 Ponti

247 2361 486 2405 solitudinem,
522 2361 581 2396 ubi
603 2367 639 2396 et
661 2362 799 2396 beatum
822 2364 944 2398 habuit
964 2363 1059 2397 vitae
1080 2362 1260 2397 terminum
1273 2387 1282 2404 ‚
1313 2362 1509 2406 decrepitus
1533 2362 1694 2396 Arsacius

249 2412 283 2440 et
317 2406 377 2440 vix
409 2406 545 2450 spirans
568 2407 749 2441 Eudoxiae
770 2408 866 2443 iussu
888 2414 1054 2454 augustae
1076 2409 1112 2442 in
1131 2407 1298 2452 pastorali
1320 2407 1456 2452 (qualis
1480 2413 1561 2452 post
1583 2419 1694 2453 qnan-

248 2453 367 2492 tum!)
392 2453 475 2486 sede
499 2452 736 2495 constituitur,
763 2455 888 2498 (9685)
912 2460 995 2499 post
1018 2453 1120 2488 solem
1143 2454 1309 2487 tenebrae
1332 2458 1368 2487 et
1389 2453 1558 2487 confusio.

338 2497 416 2530 Hoc
448 2498 554 2531 vitam
581 2497 681 2532 simul
704 2498 888 2543 sedemque
910 2500 1144 2543 relinquente,
1175 2498 1312 2533 Atticus
1334 2499 1463 2532 florens
1483 2497 1634 2532 moribus
1656 2501 1693 2532 et

250 2540 380 2619 guaris,
416 2543 476 2587 qui
509 2542 588 2588 pius
617 2548 694 2578 erat
721 2546 909 2589 presbyter
939 2544 1126 2588 ecclesiae,
1161 2554 1293 2578 sacram
1326 2543 1464 2578 ornavit
1493 2542 1691 2577 cathedram

282 2586 426 2629 yzantii.
640 2604 643 2606 ·
1560 2604 1565 2609 ‚

341 2632 468 2675 (9690)
503 2632 588 2667 Post
621 2633 712 2667 hunc
735 2633 952 2677 grandaevus
975 2637 1089 2669 aetate
1109 2632 1306 2677 sisinnius,
1342 2632 1510 2668 ecclesiae
1529 2633 1692 2668 sacerdos

253 2675 297 2709 ad
320 2677 427 2710 oleam
452 2678 604 2723 positae,
628 2678 721 2712 utilis
743 2678 836 2711 mitis
857 2680 1073 2713 venerandus
1094 2685 1225 2723 pastor.

345 2722 425 2762 Quo
449 2728 581 2757 mortuo
603 2723 807 2766 Nestorium,
835 2725 997 2758 sacerdos
1021 2725 1099 2758 olim
1124 2725 1355 2758 Antiochenae
1379 2722 1561 2766 ecclesiae,
1594 2722 1692 2768 impii

252 2766 441 2812 dogmatis,
473 2769 596 2812 (9695)
628 2774 825 2813 protervum
848 2781 886 2803 os
910 2775 945 2803 et
967 2770 1099 2803 animus
1123 2771 1289 2814 profanus
1319 2768 1554 2811 exitiosusque
1578 2767 1690 2812 lupus,

250 2813 367 2846 sedem
389 2812 509 2848 insilit.
555 2820 659 2859 atque
681 2814 711 2848 is
733 2819 847 2848 tamen
871 2819 992 2848 exutus
1017 2815 1204 2859 dignitate,
1229 2814 1310 2858 quia
1332 2813 1525 2859 spuriorum
1549 2813 1690 2857 dogma-
