1786 3080
234 159 297 206 36
775 153 1122 199 EPHRAEMIUS

449 262 577 318 Οὗτος
595 271 757 327 τελευτᾷ
773 266 962 320 βασιλεὺς
980 265 1081 308 καθ’
1105 263 1285 322 ἑσπέραν,

363 336 464 386 υἱοῖς
481 337 646 393 μερίσας
662 342 745 385 τοῖς
764 337 852 377 δυσὶ
873 334 1129 391 κραταρχίαν,

356 401 533 461 Ὁνωρίῳ
550 405 621 457 μὲν
640 404 735 453 δοὺς
751 401 960 459 κατάρχειν
977 400 1157 458 ἑσπέρας,

245 474 328 515 660
353 470 550 528 Ἀρκαδίῳ
573 471 613 513 δ’
637 466 689 513 αὖ
707 475 785 513 τῶν
804 475 936 526 μερῶν
957 474 1035 511 τῶν
1051 473 1122 523 τῆς
1140 469 1205 518 ἕω,

361 539 653 592 βεβασιλευκὼς
670 537 768 580 ἔπτὰ
786 540 851 580 καὶ
872 538 966 580 δέκα
983 534 1150 593 χρόνους

362 605 463 662 πρὸς
479 606 589 648 πέντε
607 608 727 660 μησὶν
746 605 918 658 εὐσεβῶς
937 602 1193 657 εὐδαιμόνως,

364 672 465 729 ἀνὴρ
487 674 645 728 ἀγαθὸς
666 675 730 715 καὶ
753 672 911 728 κράτωρ
934 670 1162 728 νικηφόρος,

363 745 412 795 τῇ
433 740 473 782 δ’
498 741 674 800 εὐσεβείᾳ
690 744 842 794 μᾶλλον
860 738 1114 795 ὥραϊσμένος.

249 809 329 851 665
363 809 430 849 καὶ
448 808 548 850 κίον’
572 803 687 858 οὗτος
707 808 746 850 ἓν
766 808 863 860 βοὸς
880 806 1007 861 τεύχει
1025 805 1134 863 τόπῳ

365 875 611 931 ἀνδρείκελον
634 876 806 932 φέροντα
824 880 896 917 τοῦ
916 875 1168 928 δειμαμένου.

770 978 954 1026 Ἀρκάδιος
977 978 1038 1024 ἔτη
1062 978 1122 1014 ιδ’.

359 1051 567 1110 Ἀρκάδιος
585 1058 679 1109 γοῦν
700 1053 949 1111 παραλαβὼν
967 1053 1012 1096 τὸ
1031 1051 1178 1109 κράτος

365 1123 508 1163 διεῖπεν
529 1121 626 1163 αῧτὸ
646 1125 887 1176 πλημμελῶς
905 1123 972 1163 καὶ
990 1119 1208 1179 ῥᾳθύμως·

362 1189 500 1242 νωθὴς
519 1189 594 1245 γὰρ
618 1189 839 1245 εῧρίπιστος
864 1187 951 1239 ὤν,
975 1188 1176 1241 ἀνειμένος

249 1261 330 1301 670
364 1257 428 1297 καὶ
446 1260 496 1311 τῇ
513 1258 666 1310 γυναικὶ
688 1255 819 1298 πάντα
837 1255 1210 1312 προσπεπεισμένος,

365 1323 573 1378 τρικυμίας
590 1322 733 1376 ἔπλησε
753 1324 824 1377 τὴν
844 1324 1065 1375 ἐκκλησίαν,

367 1388 476 1446 αὑτῷ
495 1391 538 1431 δὲ
552 1390 724 1443 μέμψεις
741 1390 1003 1446 προυξένησεν
1021 1388 1210 1437 ἐνδίκους.

365 1458 587 1513 Νεκταριόυ
611 1457 688 1513 γὰρ
711 1454 1023 1512 έκμετρήσαντος
1042 1457 1144 1508 βιόν,

367 1523 509 1577 ἀχθεὶς
529 1522 549 1565 ὃ
568 1528 744 1580 χρυσοῦς
762 1526 802 1565 ἔν
821 1522 951 1578 λόγοις
963 1521 1148 1576 Ἰωάννης

252 1592 331 1635 675
367 1591 409 1640 ἓξ
426 1590 625 1645 Ἀντιόχου
646 1590 748 1647 πρὸς
767 1588 882 1632 πόλιν
900 1591 1091 1642 βασιλίδα

366 1656 513 1712 ταύτης
532 1657 763 1713 καθωράϊσε
781 1658 850 1699 τὸν
865 1657 1009 1711 σεμνὸν
1027 1653 1197 1712 θρόνον·

370 1725 462 1766 ἀλλ’
485 1723 510 1778 ἢ
531 1727 689 1778 βασιλὶς
712 1725 858 1774 ἀδίκως
879 1725 1066 1775 Εὖδοξία,

367 1790 574 1845 μισήσασα
595 1797 672 1849 φεῦ
691 1793 831 1834 ἐνθέου
850 1794 1087 1847 παρρησίας,

370 1859 439 1901 τὸν
459 1863 538 1901 τῶν
556 1864 699 1914 ψυχῶν
716 1858 848 1914 ἥλιον,
883 1859 992 1909 ἄξιον
1015 1856 1184 1915 θρόνου,

454 1986 665 2066 (15(455141οοι11ῧΙ
693 1985 852 2020 nimirum
889 1986 984 2021 urbis
1023 1986 1239 2030 Byzantinae
1277 1984 1391 2019 dictus
1427 1981 1511 2016 Bos.
1549 1981 1678 2016 Zonar.

331 2142 407 2175 Rex
438 2141 496 2174 hic
523 2140 694 2186 hesperiis
722 2140 866 2175 moritur
896 2141 932 2176 in
962 2142 1084 2187 terris,
1118 2143 1251 2177 duobus
1282 2140 1437 2186 partiens
1468 2137 1589 2173 liberis
1619 2137 1682 2171 im-

267 2187 390 2231 erium,
423 2186 579 2220 Honorio
610 2186 748 2230 quidem
770 2190 886 2232 partes
908 2187 1070 2222 occiduas
1092 2188 1267 2230 tribuens,
1301 2187 1405 2229 (660)
1425 2183 1552 2219 orienti
1573 2184 1682 2216 Arca-

238 2200 329 2266 sium
351 2232 524 2266 dominum
545 2231 770 2276 praeficiens,
803 2236 982 2277 postquam
1006 2237 1218 2276 regnaverat
1239 2231 1338 2265 annis
1357 2228 1589 2275 septendecim
1607 2239 1684 2261 cum

241 2277 393 2322 quinque
423 2276 596 2311 mensibus
619 2275 769 2310 feliciter
793 2282 828 2310 et
850 2277 929 2321 pie,
962 2277 1017 2311 vir
1039 2289 1124 2312 sane
1144 2277 1304 2321 egregius
1329 2280 1364 2309 et
1385 2275 1546 2321 princeps
1569 2273 1683 2307 victo-

240 2324 353 2356 riosus
367 2349 376 2365 ‚
412 2323 474 2356 sed
496 2322 629 2368 pietate
647 2326 761 2356 tamen
783 2322 888 2356 multo
909 2322 1118 2356 rutilantior.
1165 2322 1266 2365 (665)
1297 2322 1327 2355 is
1352 2326 1388 2354 et
1409 2319 1596 2355 columnam
1617 2329 1683 2364 po-

244 2367 314 2401 suit
335 2367 371 2400 in
392 2368 499 2402 Bovis
521 2368 618 2412 loco,
645 2371 836 2412 gestantem
857 2368 951 2412 regis
974 2373 1122 2402 statuam
1144 2367 1295 2402 auctoris
1317 2366 1383 2400 sui.

792 2445 969 2480 Arcadius
991 2456 1052 2480 an.
1078 2446 1134 2483 14.

335 2498 502 2533 Arcadius
524 2498 631 2544 igitur
650 2499 754 2534 heres
774 2499 911 2544 imperii
934 2500 1045 2535 factus
1068 2501 1154 2535 male
1175 2500 1259 2535 illud
1281 2502 1397 2546 coepit
1418 2512 1542 2546 gerere
1565 2502 1600 2533 et
1623 2509 1682 2532 so-

244 2543 412 2577 corditer:
444 2544 550 2578 hebes
573 2545 663 2580 enim
684 2545 859 2580 versatilis
882 2551 918 2579 et
938 2546 1120 2590 remissus,
1158 2547 1260 2590 (670)
1291 2553 1326 2581 et
1346 2551 1469 2581 cuncta
1490 2544 1609 2580 uxoris
1632 2543 1681 2576 si—

246 2588 331 2622 nens
352 2587 388 2621 in
413 2589 575 2634 arbitrio,
597 2591 770 2624 turbarum
790 2590 952 2625 fluctibus
975 2591 1091 2625 obruit
1111 2592 1290 2626 ecclesiam
1315 2593 1452 2636 sibique
1474 2591 1598 2625 iustam
1619 2599 1682 2633 pe-

247 2632 341 2711 rerit
365 2634 550 2668 infamiam.
597 2647 742 2681 namque
771 2636 832 2670 ubi
862 2636 1046 2670 Nectarius
1080 2637 1233 2681 explevit
1261 2637 1356 2672 vitae
1383 2647 1538 2680 cursum,
1579 2644 1685 2668 aurea

262 2679 368 2730 ingua
394 2679 567 2722 praeditus
597 2681 744 2715 Ioannes
774 2680 876 2724 (675)
904 2680 1089 2715 Antiochia
1117 2682 1299 2717 deducitur
1327 2683 1371 2717 ad
1400 2683 1519 2716 urbem
1541 2679 1684 2724 regiam,

250 2728 289 2757 ut
311 2723 411 2756 hmus
432 2735 562 2758 sacram
585 2726 719 2760 scilicet
738 2730 837 2760 ornet
857 2726 986 2760 sedem.
1032 2726 1094 2760 sed
1116 2727 1206 2762 enim
1228 2732 1374 2773 augusta
1394 2730 1514 2761 contra
1533 2726 1587 2759 fas
1608 2724 1684 2758 Eu-

250 2768 374 2813 doxia,
403 2779 520 2803 sacros
541 2769 608 2804 heu
631 2782 756 2816 perosa
778 2770 904 2806 liberos
927 2782 1120 2817 sermones,
1146 2772 1252 2808 solem
1272 2773 1478 2817 animarum,
1505 2771 1599 2806 sedis
1622 2780 1684 2815 ap-
