1786 3080
209 121 306 167 360
750 123 1104 170 EPHRAEMIUS

343 237 409 278 καὶ
429 236 675 291 Στενᾲιαχον
693 234 924 294 Κρυτζιμόν
941 238 1209 295 Περιστίτζαν

344 302 586 357 ἒπανασώζει
608 301 743 362 κράτει
751 301 753 304 ’
762 309 843 349 τῶν
861 304 1064 349 Αὖσόνων
1073 317 1085 330 ·

208 371 317 415 8985
342 371 466 427 ἔμεινε
488 373 529 415 δ’
553 371 757 424 ἀνάλωτος
775 374 976 426 Τζέπαινα
993 372 1098 428 μόνη

344 440 411 483 διά
434 458 475 484 τε
498 441 651 498 κρυμὸν
670 444 737 485 καὶ
756 439 881 485 τόπου
902 443 1143 499 δυσχωρίαν.

346 503 445 566 ἦρος
467 510 509 552 d'
535 509 840 565 ἐπιλάμψαντος
861 509 1005 553 αὐτίκα
1023 509 1170 568 γράφει

346 575 447 628 ἅναξ
464 585 702 635 στρατηγοῖς
719 586 803 630 τοῖς
821 579 924 622 κατὰ
944 578 1100 636 Σέρρας
1120 577 1251 631 πόλιν,

344 650 401 704 τῷ
423 644 772 705 Στρατηγοπούλῳ
790 650 857 690 καὶ
878 649 1090 705 Τορνικίῳ,
1222 699 1229 704 ,Ἰ

212 715 323 757 8990
348 714 450 769 μετὰ
472 720 663 772 στρατιᾶς
682 720 924 773 προσβαλεῖν
942 720 993 773 τῇ
1013 715 1228 772 Τζεπαίνῃ.
1254 719 1256 721 ’

345 781 510 839 ἐξῄεσαν
528 778 599 826 οὖν
616 784 726 842 παρὰ
743 783 857 827 τόνδε
876 783 946 827 τὸν
965 781 1108 827 τόπον·

329 849 419 894 ἐἶτ’
443 852 517 894 οὐκ
537 850 689 902 ἲδόντες
707 853 900 910 στρατιὰν
922 853 1120 905 ἐναντίων,

348 919 425 973 οὐχ
441 917 605 971 ὁπλίτας
623 918 757 971 ἰόντας
777 923 833 971 εἷς
849 918 983 976 μάχην
1000 919 1116 972 ὅλως,

347 986 511 1045 φύλλων
532 988 576 1031 δὲ
595 986 754 1032 κτύπων
773 992 840 1032 καὶ
857 987 1008 1046 ψόφων
1024 987 1265 1045 ᾐσθημένοι,

214 1057 324 1098 8995
351 1055 496 1113 ᾤχοντ’
520 1054 710 1111 ἀκόσμως
718 1089 732 1110 ,
766 1058 807 1100 ἓν
827 1062 936 1115 φυγῇ
958 1055 1182 1107 λελοιπότες

345 1126 496 1175 ἵππους
517 1127 740 1176 πανοπλίας
761 1143 804 1169 τε
826 1127 893 1169 καὶ
916 1127 1061 1180 σκευὴν
1085 1125 1181 1180 ὅλην

350 1199 434 1243 τοῖς
456 1193 727 1252 ἱπποφορβοΐς
743 1195 810 1236 καὶ
830 1192 1032 1248 συβώταις
1050 1191 1321 1251 Βουλγάρων·

353 1261 376 1303 ὃ
395 1262 576 1317 γνωσθὲν
593 1263 752 1318 ἠνίασεν
770 1261 924 1305 ἄνακτα
941 1263 1043 1305 λίαν.

352 1330 427 1384 οὐχ
446 1325 564 1384 ἧττον
579 1330 739 1386 ἠνίασεν
760 1331 941 1374 εῗσπεσὸν
960 1329 1080 1372 πάλιν

214 1397 326 1439 9000
350 1401 502 1441 λυποῦν
521 1416 560 1441 τι
580 1399 703 1442 κακὸν
722 1398 951 1456 Δραγωτᾶς
969 1398 1011 1440 ἔκ
1030 1394 1292 1457 Βουλγάρων,

354 1465 492 1523 ἄρχων
509 1472 703 1525 στρατιᾶς
721 1472 795 1522 τῆς
812 1467 916 1510 κατὰ
937 1467 1173 1519 Μελενίκον,

355 1533 465 1584 ὅστις
484 1535 664 1586 ἀποστὰς
682 1537 750 1578 καὶ
767 1535 940 1592 στρατὸν
959 1536 1176 1585 συναλίσας

356 1602 610 1658 κατατρέχων
625 1598 675 1658 ἦν
690 1603 743 1645 τὰ
760 1604 874 1659 πέριξ
891 1604 1133 1654 Μελενίκου,

357 1669 458 1712 ἄστυ
478 1671 523 1712 δὲ
541 1671 763 1714 συνέκλεισε
781 1675 992 1727 πορθῆσαι
1010 1670 1157 1712 θέλων.

224 1739 333 1780 9005
360 1737 533 1792 {inavara
552 1743 681 1782 ταῦτα
699 1741 865 1792 βασιλεῖ
875 1736 1135 1795 στρατηγέτῃ,

361 1807 428 1848 καὶ
447 1806 520 1861 τὴν
537 1807 750 1861 ταχίστην,
784 1804 900 1857 ἀετός
920 1823 980 1856 τις
1003 1804 1192 1861 καθάπερ

359 1873 528 1925 ὤκιστος
535 1907 547 1927 ,
583 1875 680 1930 ἕπτη
701 1874 801 1932 πρὸς
819 1875 1047 1919 Μελενίκου
1065 1872 1215 1921 τόπους

363 1943 466 1996 μετὰ
485 1947 676 2000 στρατιᾶς
693 1945 759 1985 καὶ
780 1947 1016 2000 στρατηγῶν
1033 1940 1265 1998 ταγμάτων,

365 2013 430 2052 καὶ
454 2009 713 2066 καταπλήξας
733 2010 927 2069 στρατιὰν
947 2012 1133 2054 ἐναντίων

451 2127 542 2164 8984
563 2127 616 2173 τῷ
640 2123 794 2173 uetita?
931 2127 1021 2166 8989
1043 2124 1097 2174 τῷ
1118 2121 1187 2163 vs?

233 2226 370 2262 stitzam
395 2225 612 2272 Crytzimum
634 2229 791 2263 Romano
813 2241 932 2265 rursus
947 2230 1080 2266 addidit
1092 2228 1253 2274 imperio.
1267 2227 1403 2272 (8985)
1418 2236 1486 2262 una
1500 2223 1690 2274 Tzepnena

232 2273 388 2317 perstitit
408 2273 540 2308 invicta
563 2276 606 2309 ob
629 2274 696 2308 loci
719 2276 939 2320 asperitatem
963 2282 1068 2321 atque
1091 2274 1226 2309 hiemis.
1262 2274 1325 2308 sed
1339 2286 1424 2308 vere
1440 2279 1560 2309 exorto
1574 2275 1690 2309 statim

233 2318 331 2352 dedit
353 2318 473 2353 literas
498 2321 542 2354 ad
566 2321 670 2355 duces
695 2320 828 2355 Caesar
850 2322 968 2356 Sex-ris
991 2322 1222 2364 demorantes,
1245 2319 1526 2366 Strategopulum
1544 2325 1581 2354 et
1595 2320 1690 2354 Tor-

234 2363 383 2409 fficium,
420 2366 547 2409 (8990)
578 2372 617 2401 ut
649 2377 724 2401 cum
755 2368 911 2402 exercitu
946 2372 1131 2413 quaterent
1163 2366 1400 2411 Tzepaenam.
1445 2365 1497 2399 illi
1526 2366 1570 2400 ad
1599 2365 1692 2399 hunc

235 2410 370 2453 agmine
401 2411 586 2445 tendentes
615 2411 747 2455 locum,
779 2423 856 2446 cum
890 2424 954 2448 nec
985 2412 1157 2447 vidissent
1185 2411 1343 2446 hostilem
1367 2410 1555 2445 exereitum
1578 2420 1692 2455 neque

236 2461 377 2489 ruentes
394 2455 432 2489 in
450 2456 615 2500 proelium
633 2461 781 2491 armatos
792 2484 802 2500 ‚
826 2458 986 2492 foliorum
1003 2463 1134 2493 tantum
1151 2456 1267 2491 sonitu
1281 2456 1462 2502 perterriti
1475 2455 1602 2500 (8995)
1614 2461 1691 2490 tur-

238 2500 331 2544 piter
353 2501 579 2547 diffugerunt,
603 2502 749 2537 abiectis
773 2503 876 2537 etiam
902 2503 1000 2548 equis
1024 2508 1060 2537 et
1082 2502 1185 2537 armis
1201 2507 1238 2536 et
1251 2502 1388 2536 sarcina
1402 2502 1580 2544 universa,
1602 2511 1693 2545 quae

238 2547 371 2589 praeda
403 2549 510 2581 cessit
541 2547 760 2582 armentariis
789 2548 963 2593 Buigaris.
1008 2560 1081 2583 rem
1113 2552 1227 2582 autem
1251 2548 1383 2582 Caesar
1403 2546 1546 2592 pertulit
1567 2557 1691 2591 aeger-

238 2590 337 2624 rime.
392 2603 457 2626 nec
489 2593 600 2627 minus
630 2593 724 2628 aliud
754 2595 1006 2638 superveniens
1036 2594 1161 2629 malum
1193 2593 1320 2638 (9000)
1349 2593 1478 2634 sensit,
1507 2590 1692 2635 uulgarum

237 2635 447 2681 Dragotam‚
482 2644 617 2673 nostras
648 2643 824 2684 regentem
855 2639 1020 2674 Melenici
1051 2639 1183 2685 copias.
1230 2638 1402 2673 rebellans
1428 2637 1519 2671 enim
1545 2648 1692 2681 congre-

237 2686 321 2726 gato
349 2683 504 2717 exercitu
533 2684 761 2729 populabatur
782 2685 947 2720 Melenici
969 2686 1057 2719 fines
1079 2685 1259 2730 ipsamque
1280 2685 1400 2718 urbem
1424 2682 1586 2716 obsidens
1609 2694 1697 2728 pre-.

239 2728 365 2760 mebat.
414 2730 539 2773 (9005)
574 2730 686 2764 audiit
714 2730 780 2764 hoc
804 2730 840 2764 in
864 2732 987 2765 castris
1009 2731 1220 2775 imperator,
1255 2735 1361 2774 atque
1385 2728 1534 2763 volatum
1556 2727 1693 2772 aquilae

238 2772 426 2808 aemulatus
452 2774 531 2810 viae
554 2775 758 2823 compendio
781 2776 898 2824 pergit
917 2776 1124 2813 Melenicum
1147 2787 1223 2810 cum
1244 2775 1318 2809 suis
1339 2773 1450 2819 copiis
1468 2773 1694 2818 ordinumque
