<?xml version="1.0" encoding="UTF-8"?>
<!DOCTYPE html PUBLIC "-//W3C//DTD XHTML 1.0 Transitional//EN"
    "http://www.w3.org/TR/xhtml1/DTD/xhtml1-transitional.dtd">
<html xmlns="http://www.w3.org/1999/xhtml" xml:lang="en" lang="en">
 <head>
  <title>
</title>
<meta http-equiv="Content-Type" content="text/html;charset=utf-8" />
  <meta name='ocr-system' content='tesseract 3.04.00' />
  <meta name='ocr-capabilities' content='ocr_page ocr_carea ocr_par ocr_line ocrx_word'/>
</head>
<body>
  <div class='ocr_page' id='page_1' title='image "./corpusscriptorum12niebuoft/corpusscriptorum12niebuoft_0048.png"; bbox 0 0 1786 3080; ppageno 0'>
   <div class='ocr_carea' id='block_1_1' title="bbox 219 125 1109 174">
    <p class='ocr_par' dir='ltr' id='par_1_1' title="bbox 219 125 1109 174">
     <span class='ocr_line' id='line_1_1' title="bbox 219 125 1109 174; baseline -0.006 0"><span class='ocrx_word' id='word_1_1' title='bbox 219 129 283 174; x_wconf 83' lang='grc'><em>38</em></span> <span class='ocrx_word' id='word_1_2' title='bbox 765 125 1109 170; x_wconf 79' lang='lat' dir='ltr'><strong>EPHRAEMIUS</strong></span> 
     </span>
    </p>
   </div>
   <div class='ocr_carea' id='block_1_2' title="bbox 235 237 1262 2046">
    <p class='ocr_par' dir='ltr' id='par_1_2' title="bbox 237 237 1212 364">
     <span class='ocr_line' id='line_1_2' title="bbox 353 237 1190 295; baseline -0.002 -13"><span class='ocrx_word' id='word_1_3' title='bbox 353 244 424 294; x_wconf 81' lang='grc' dir='ltr'><em>τῆς</em></span> <span class='ocrx_word' id='word_1_4' title='bbox 446 237 562 281; x_wconf 82' lang='grc' dir='ltr'><em>πάντ’</em></span> <span class='ocrx_word' id='word_1_5' title='bbox 588 237 752 295; x_wconf 83' lang='grc' dir='ltr'><em>ἀρίστης</em></span> <span class='ocrx_word' id='word_1_6' title='bbox 770 238 908 292; x_wconf 80' lang='grc' dir='ltr'><strong><em>ὀλβίας</em></strong></span> <span class='ocrx_word' id='word_1_7' title='bbox 926 239 1190 295; x_wconf 80' lang='grc' dir='ltr'><em>Πουλχερίας,</em></span> 
     </span>
     <span class='ocr_line' id='line_1_3' title="bbox 237 304 1212 364; baseline -0.002 -14"><span class='ocrx_word' id='word_1_8' title='bbox 237 306 318 352; x_wconf 86' lang='grc'><em>705</em></span> <span class='ocrx_word' id='word_1_9' title='bbox 351 308 559 363; x_wconf 74' lang='grc' dir='ltr'><em>ἐπίτροπον</em></span> <span class='ocrx_word' id='word_1_10' title='bbox 578 306 684 360; x_wconf 79' lang='grc' dir='ltr'><em>σχὼν</em></span> <span class='ocrx_word' id='word_1_11' title='bbox 704 308 744 348; x_wconf 77' lang='grc' dir='ltr'><em>ἐν</em></span> <span class='ocrx_word' id='word_1_12' title='bbox 762 313 937 364; x_wconf 80' lang='grc' dir='ltr'><em>γραφαΐς</em></span> <span class='ocrx_word' id='word_1_13' title='bbox 957 304 1212 364; x_wconf 77' lang='grc' dir='ltr'><em>φυτοσπόρου</em></span> 
     </span>
    </p>

    <p class='ocr_par' dir='ltr' id='par_1_3' title="bbox 347 372 1092 431">
     <span class='ocr_line' id='line_1_4' title="bbox 347 372 1092 431; baseline -0.001 -14"><span class='ocrx_word' id='word_1_14' title='bbox 347 374 586 430; x_wconf 75' lang='grc' dir='ltr'><em>’Ῑσδιγέρδην</em></span> <span class='ocrx_word' id='word_1_15' title='bbox 604 372 755 417; x_wconf 72' lang='grc' dir='ltr'><em>ἄνακτα</em></span> <span class='ocrx_word' id='word_1_16' title='bbox 770 375 972 431; x_wconf 88' lang='grc' dir='ltr'><em>Περσίδος</em></span> <span class='ocrx_word' id='word_1_17' title='bbox 989 372 1092 426; x_wconf 82' lang='grc' dir='ltr'><em>τότε,</em></span> 
     </span>
    </p>

    <p class='ocr_par' dir='ltr' id='par_1_4' title="bbox 352 436 1087 500">
     <span class='ocr_line' id='line_1_5' title="bbox 352 436 1087 500; baseline -0.001 -16"><span class='ocrx_word' id='word_1_18' title='bbox 352 436 401 484; x_wconf 69' lang='grc' dir='ltr'><em>οὗ</em></span> <span class='ocrx_word' id='word_1_19' title='bbox 419 446 476 499; x_wconf 78' lang='grc' dir='ltr'><em>τῷ</em></span> <span class='ocrx_word' id='word_1_20' title='bbox 499 441 576 483; x_wconf 79' lang='grc' dir='ltr'><em>δέει</em></span> <span class='ocrx_word' id='word_1_21' title='bbox 594 446 673 492; x_wconf 83' lang='grc' dir='ltr'><em>πᾶς</em></span> <span class='ocrx_word' id='word_1_22' title='bbox 691 440 813 485; x_wconf 79' lang='grc' dir='ltr'><em>εὐνόει</em></span> <span class='ocrx_word' id='word_1_23' title='bbox 835 446 891 500; x_wconf 80' lang='grc' dir='ltr'><em>τῷ</em></span> <span class='ocrx_word' id='word_1_24' title='bbox 913 439 1087 498; x_wconf 84' lang='grc' dir='ltr'><em>δεσπότῃ</em></span> 
     </span>
    </p>

    <p class='ocr_par' dir='ltr' id='par_1_5' title="bbox 351 508 1121 566">
     <span class='ocr_line' id='line_1_6' title="bbox 351 508 1121 566; baseline -0.004 -14"><span class='ocrx_word' id='word_1_25' title='bbox 351 511 418 552; x_wconf 85' lang='grc' dir='ltr'><em>καὶ</em></span> <span class='ocrx_word' id='word_1_26' title='bbox 441 509 634 566; x_wconf 80' lang='grc' dir='ltr'><em>φευκτὲαν</em></span> <span class='ocrx_word' id='word_1_27' title='bbox 653 508 775 565; x_wconf 79' lang='grc' dir='ltr'><em>ἣγητο</em></span> <span class='ocrx_word' id='word_1_28' title='bbox 798 509 872 564; x_wconf 86' lang='grc' dir='ltr'><em>τὴν</em></span> <span class='ocrx_word' id='word_1_29' title='bbox 892 510 1121 566; x_wconf 77' lang='grc' dir='ltr'><strong><em>τυραννίδα.</em></strong></span> 
     </span>
    </p>

    <p class='ocr_par' dir='ltr' id='par_1_6' title="bbox 237 571 1262 701">
     <span class='ocr_line' id='line_1_7' title="bbox 353 571 1162 632; baseline 0 -14"><span class='ocrx_word' id='word_1_30' title='bbox 353 574 524 632; x_wconf 73' lang='grc' dir='ltr'><em>ἠγάγεθ’</em></span> <span class='ocrx_word' id='word_1_31' title='bbox 551 571 665 627; x_wconf 73' lang='grc' dir='ltr'><em>οὗτος</em></span> <span class='ocrx_word' id='word_1_32' title='bbox 687 578 729 628; x_wconf 76' lang='grc' dir='ltr'><em>ἐξ</em></span> <span class='ocrx_word' id='word_1_33' title='bbox 746 578 926 631; x_wconf 81' lang='grc' dir='ltr'><em>Ἀθηνῶν</em></span> <span class='ocrx_word' id='word_1_34' title='bbox 949 579 1015 618; x_wconf 84' lang='grc' dir='ltr'><em>καὶ</em></span> <span class='ocrx_word' id='word_1_35' title='bbox 1038 574 1162 632; x_wconf 82' lang='grc' dir='ltr'><em>κόρην</em></span> 
     </span>
     <span class='ocr_line' id='line_1_8' title="bbox 237 642 1262 701; baseline -0.002 -13"><span class='ocrx_word' id='word_1_36' title='bbox 237 646 320 688; x_wconf 86' lang='grc'><em>710</em></span> <span class='ocrx_word' id='word_1_37' title='bbox 352 644 539 687; x_wconf 83' lang='grc' dir='ltr'><em>κοινωνὸν</em></span> <span class='ocrx_word' id='word_1_38' title='bbox 558 643 643 698; x_wconf 82' lang='grc' dir='ltr'><em>ἅμα</em></span> <span class='ocrx_word' id='word_1_39' title='bbox 661 649 734 687; x_wconf 82' lang='grc' dir='ltr'><em>τοῦ</em></span> <span class='ocrx_word' id='word_1_40' title='bbox 750 642 920 701; x_wconf 80' lang='grc' dir='ltr'><em>κράτους</em></span> <span class='ocrx_word' id='word_1_41' title='bbox 937 646 1002 686; x_wconf 85' lang='grc' dir='ltr'><em>καὶ</em></span> <span class='ocrx_word' id='word_1_42' title='bbox 1022 647 1093 686; x_wconf 81' lang='grc' dir='ltr'><em>τοῦ</em></span> <span class='ocrx_word' id='word_1_43' title='bbox 1110 643 1262 699; x_wconf 72' lang='grc' dir='ltr'><em>λέχους,</em></span> 
     </span>
    </p>

    <p class='ocr_par' dir='ltr' id='par_1_7' title="bbox 352 710 1200 771">
     <span class='ocr_line' id='line_1_9' title="bbox 352 710 1200 771; baseline 0 -18"><span class='ocrx_word' id='word_1_44' title='bbox 352 710 589 765; x_wconf 84' lang='grc' dir='ltr'><em>λάμπουσαν</em></span> <span class='ocrx_word' id='word_1_45' title='bbox 611 710 697 771; x_wconf 75' lang='grc' dir='ltr'><em>ὥρᾳ</em></span> <span class='ocrx_word' id='word_1_46' title='bbox 717 716 782 754; x_wconf 82' lang='grc' dir='ltr'><em>καὶ</em></span> <span class='ocrx_word' id='word_1_47' title='bbox 799 710 1054 766; x_wconf 78' lang='grc' dir='ltr'><em>μαθημάτων</em></span> <span class='ocrx_word' id='word_1_48' title='bbox 1070 712 1200 769; x_wconf 78' lang='grc' dir='ltr'><em>τέχνῃ,</em></span> 
     </span>
    </p>

    <p class='ocr_par' dir='ltr' id='par_1_8' title="bbox 351 778 1078 835">
     <span class='ocr_line' id='line_1_10' title="bbox 351 778 1078 835; baseline 0.001 -15"><span class='ocrx_word' id='word_1_49' title='bbox 351 781 478 821; x_wconf 80' lang='grc' dir='ltr'><em>παῖδα</em></span> <span class='ocrx_word' id='word_1_50' title='bbox 495 781 693 821; x_wconf 83' lang='grc' dir='ltr'><em>Λεοντίου</em></span> <span class='ocrx_word' id='word_1_51' title='bbox 712 779 818 829; x_wconf 83' lang='grc' dir='ltr'><em>τινὸς</em></span> <span class='ocrx_word' id='word_1_52' title='bbox 838 778 1078 835; x_wconf 84' lang='grc' dir='ltr'><em>φιλοσόφου,</em></span> 
     </span>
    </p>

    <p class='ocr_par' dir='ltr' id='par_1_9' title="bbox 350 845 1096 902">
     <span class='ocr_line' id='line_1_11' title="bbox 350 845 1096 902; baseline -0.001 -14"><span class='ocrx_word' id='word_1_53' title='bbox 350 846 424 900; x_wconf 85' lang='grc' dir='ltr'><em>τὴν</em></span> <span class='ocrx_word' id='word_1_54' title='bbox 448 845 657 899; x_wconf 73' lang='grc' dir='ltr'><em>εὐδόκιμον</em></span> <span class='ocrx_word' id='word_1_55' title='bbox 676 847 716 889; x_wconf 75' lang='grc' dir='ltr'><em>ἓν</em></span> <span class='ocrx_word' id='word_1_56' title='bbox 735 845 866 902; x_wconf 78' lang='grc' dir='ltr'><em>λόγοις</em></span> <span class='ocrx_word' id='word_1_57' title='bbox 884 847 1096 897; x_wconf 82' lang='grc' dir='ltr'><em>Εὖδοκιάν,</em></span> 
     </span>
    </p>

    <p class='ocr_par' dir='ltr' id='par_1_10' title="bbox 235 907 1140 1038">
     <span class='ocr_line' id='line_1_12' title="bbox 349 907 1140 970; baseline -0.001 -15"><span class='ocrx_word' id='word_1_58' title='bbox 349 907 399 967; x_wconf 74' lang='grc' dir='ltr'><em>ἧς</em></span> <span class='ocrx_word' id='word_1_59' title='bbox 420 913 492 967; x_wconf 76' lang='grc' dir='ltr'><em>τὴν</em></span> <span class='ocrx_word' id='word_1_60' title='bbox 514 915 661 970; x_wconf 80' lang='grc' dir='ltr'><em>σοφίαν</em></span> <span class='ocrx_word' id='word_1_61' title='bbox 683 913 925 956; x_wconf 76' lang='grc' dir='ltr'><em>δεικνύουσιν</em></span> <span class='ocrx_word' id='word_1_62' title='bbox 946 915 987 955; x_wconf 75' lang='grc' dir='ltr'><em>ἐν</em></span> <span class='ocrx_word' id='word_1_63' title='bbox 1008 911 1140 968; x_wconf 89' lang='grc' dir='ltr'><em>λόγοις</em></span> 
     </span>
     <span class='ocr_line' id='line_1_13' title="bbox 235 979 1129 1038; baseline 0.001 -16"><span class='ocrx_word' id='word_1_64' title='bbox 235 981 317 1024; x_wconf 88' lang='grc'><em>715</em></span> <span class='ocrx_word' id='word_1_65' title='bbox 352 979 623 1038; x_wconf 75' lang='grc' dir='ltr'><em>ὅμηρόκεντρα</em></span> <span class='ocrx_word' id='word_1_66' title='bbox 640 982 691 1023; x_wconf 81' lang='grc' dir='ltr'><em>τὰ</em></span> <span class='ocrx_word' id='word_1_67' title='bbox 709 986 846 1038; x_wconf 81' lang='grc' dir='ltr'><em>σοφῶς</em></span> <span class='ocrx_word' id='word_1_68' title='bbox 864 981 1129 1038; x_wconf 79' lang='grc' dir='ltr'><em>γεγραμμένα.</em></span> 
     </span>
    </p>

    <p class='ocr_par' dir='ltr' id='par_1_11' title="bbox 353 1047 1111 1104">
     <span class='ocr_line' id='line_1_14' title="bbox 353 1047 1111 1104; baseline 0.001 -14"><span class='ocrx_word' id='word_1_69' title='bbox 353 1047 454 1102; x_wconf 75' lang='grc' dir='ltr'><em>αὕτη</em></span> <span class='ocrx_word' id='word_1_70' title='bbox 478 1048 586 1091; x_wconf 78' lang='grc' dir='ltr'><em>Σιὼν</em></span> <span class='ocrx_word' id='word_1_71' title='bbox 605 1048 750 1104; x_wconf 62' lang='grc' dir='ltr'><em>ἔβλεψε</em></span> <span class='ocrx_word' id='word_1_72' title='bbox 771 1050 843 1104; x_wconf 83' lang='grc' dir='ltr'><em>τὴν</em></span> <span class='ocrx_word' id='word_1_73' title='bbox 862 1053 962 1091; x_wconf 81' lang='grc' dir='ltr'><em>θεοῦ</em></span> <span class='ocrx_word' id='word_1_74' title='bbox 982 1047 1111 1100; x_wconf 81' lang='grc' dir='ltr'><em>πόλιν,</em></span> 
     </span>
    </p>

    <p class='ocr_par' dir='ltr' id='par_1_12' title="bbox 352 1114 1199 1172">
     <span class='ocr_line' id='line_1_15' title="bbox 352 1114 1199 1172; baseline 0.002 -16"><span class='ocrx_word' id='word_1_75' title='bbox 352 1117 408 1164; x_wconf 77' lang='grc' dir='ltr'><em>εἷς</em></span> <span class='ocrx_word' id='word_1_76' title='bbox 428 1114 692 1172; x_wconf 79' lang='grc' dir='ltr'><em>προσκύνησιν</em></span> <span class='ocrx_word' id='word_1_77' title='bbox 713 1121 794 1159; x_wconf 85' lang='grc' dir='ltr'><em>τῶν</em></span> <span class='ocrx_word' id='word_1_78' title='bbox 818 1117 1046 1170; x_wconf 77' lang='grc' dir='ltr'><em>σεβασμίων</em></span> <span class='ocrx_word' id='word_1_79' title='bbox 1066 1114 1199 1159; x_wconf 84' lang='grc' dir='ltr'><em>τόπων</em></span> 
     </span>
    </p>

    <p class='ocr_par' dir='ltr' id='par_1_13' title="bbox 350 1183 1259 1241">
     <span class='ocr_line' id='line_1_16' title="bbox 350 1183 1259 1241; baseline 0.006 -17"><span class='ocrx_word' id='word_1_80' title='bbox 350 1186 522 1225; x_wconf 83' lang='grc' dir='ltr'><em>πλοῦτον</em></span> <span class='ocrx_word' id='word_1_81' title='bbox 542 1184 681 1237; x_wconf 78' lang='grc' dir='ltr'><em>βαθὺν</em></span> <span class='ocrx_word' id='word_1_82' title='bbox 702 1183 905 1241; x_wconf 80' lang='grc' dir='ltr'><em>φέρουσα,</em></span> <span class='ocrx_word' id='word_1_83' title='bbox 928 1183 1081 1240; x_wconf 83' lang='grc' dir='ltr'><em>χρυσὸν</em></span> <span class='ocrx_word' id='word_1_84' title='bbox 1101 1186 1259 1240; x_wconf 76' lang='grc' dir='ltr'><em>μυρίον,</em></span> 
     </span>
    </p>

    <p class='ocr_par' dir='ltr' id='par_1_14' title="bbox 235 1246 1166 1371">
     <span class='ocr_line' id='line_1_17' title="bbox 353 1246 1166 1308; baseline 0.001 -16"><span class='ocrx_word' id='word_1_85' title='bbox 353 1246 490 1307; x_wconf 79' lang='grc' dir='ltr'><em>οἷσπερ</em></span> <span class='ocrx_word' id='word_1_86' title='bbox 513 1250 611 1300; x_wconf 80' lang='grc' dir='ltr'><em>νεὼς</em></span> <span class='ocrx_word' id='word_1_87' title='bbox 632 1250 760 1307; x_wconf 74' lang='grc' dir='ltr'><em>ἤγειρε</em></span> <span class='ocrx_word' id='word_1_88' title='bbox 783 1253 954 1308; x_wconf 78' lang='grc' dir='ltr'><em>Χριστῷ</em></span> <span class='ocrx_word' id='word_1_89' title='bbox 978 1248 1166 1307; x_wconf 77' lang='grc' dir='ltr'><em>δεσπότῃ.</em></span> 
     </span>
     <span class='ocr_line' id='line_1_18' title="bbox 235 1313 1156 1371; baseline 0.004 -15"><span class='ocrx_word' id='word_1_90' title='bbox 235 1317 318 1359; x_wconf 82' lang='grc'><em>720</em></span> <span class='ocrx_word' id='word_1_91' title='bbox 350 1317 451 1371; x_wconf 78' lang='grc' dir='ltr'><em>μετὰ</em></span> <span class='ocrx_word' id='word_1_92' title='bbox 474 1318 515 1359; x_wconf 73' lang='grc' dir='ltr'><em>δ’</em></span> <span class='ocrx_word' id='word_1_93' title='bbox 541 1318 786 1369; x_wconf 77' lang='grc' dir='ltr'><em>ἓπανέζευξεν</em></span> <span class='ocrx_word' id='word_1_94' title='bbox 809 1313 930 1366; x_wconf 73' lang='grc' dir='ltr'><em>αὖθις</em></span> <span class='ocrx_word' id='word_1_95' title='bbox 951 1320 1006 1366; x_wconf 81' lang='grc' dir='ltr'><em>εἷς</em></span> <span class='ocrx_word' id='word_1_96' title='bbox 1027 1316 1156 1360; x_wconf 89' lang='grc' dir='ltr'><em>πόλιν.</em></span> 
     </span>
    </p>

    <p class='ocr_par' dir='ltr' id='par_1_15' title="bbox 352 1382 1112 1438">
     <span class='ocr_line' id='line_1_19' title="bbox 352 1382 1112 1438; baseline -0.001 -12"><span class='ocrx_word' id='word_1_97' title='bbox 352 1383 435 1426; x_wconf 80' lang='grc' dir='ltr'><em>εἶτα</em></span> <span class='ocrx_word' id='word_1_98' title='bbox 456 1383 652 1434; x_wconf 74' lang='grc' dir='ltr'><em>θανόντος</em></span> <span class='ocrx_word' id='word_1_99' title='bbox 674 1384 920 1434; x_wconf 80' lang='grc' dir='ltr'><em>αὐτάνακτος</em></span> <span class='ocrx_word' id='word_1_100' title='bbox 943 1382 1112 1438; x_wconf 79' lang='grc' dir='ltr'><em>συζύγου</em></span> 
     </span>
    </p>

    <p class='ocr_par' dir='ltr' id='par_1_16' title="bbox 352 1448 1236 1508">
     <span class='ocr_line' id='line_1_20' title="bbox 352 1448 1236 1508; baseline 0 -15"><span class='ocrx_word' id='word_1_101' title='bbox 352 1451 471 1493; x_wconf 83' lang='grc' dir='ltr'><em>πάλιν</em></span> <span class='ocrx_word' id='word_1_102' title='bbox 494 1450 785 1508; x_wconf 78' lang='grc' dir='ltr'><em>ὖποστρὲψασα</em></span> <span class='ocrx_word' id='word_1_103' title='bbox 811 1451 912 1507; x_wconf 88' lang='grc' dir='ltr'><em>πρὸς</em></span> <span class='ocrx_word' id='word_1_104' title='bbox 932 1452 1070 1500; x_wconf 88' lang='grc' dir='ltr'><em>θείους</em></span> <span class='ocrx_word' id='word_1_105' title='bbox 1090 1448 1236 1503; x_wconf 86' lang='grc' dir='ltr'><em>τόπους</em></span> 
     </span>
    </p>

    <p class='ocr_par' dir='ltr' id='par_1_17' title="bbox 354 1519 1032 1577">
     <span class='ocr_line' id='line_1_21' title="bbox 354 1519 1032 1577; baseline -0.003 -17"><span class='ocrx_word' id='word_1_106' title='bbox 354 1521 438 1560; x_wconf 75' lang='grc' dir='ltr'><em>ἐκεῖ</em></span> <span class='ocrx_word' id='word_1_107' title='bbox 452 1523 614 1577; x_wconf 73' lang='grc' dir='ltr'><em>τελευτᾷ</em></span> <span class='ocrx_word' id='word_1_108' title='bbox 633 1523 908 1560; x_wconf 79' lang='grc' dir='ltr'><em>καταλιποῦσα</em></span> <span class='ocrx_word' id='word_1_109' title='bbox 928 1519 1032 1571; x_wconf 78' lang='grc' dir='ltr'><em>βίον,</em></span> 
     </span>
    </p>

    <p class='ocr_par' dir='ltr' id='par_1_18' title="bbox 239 1584 1138 1709">
     <span class='ocr_line' id='line_1_22' title="bbox 356 1584 1138 1641; baseline -0.001 -13"><span class='ocrx_word' id='word_1_110' title='bbox 356 1584 510 1640; x_wconf 83' lang='grc' dir='ltr'><em>ζήσασα</em></span> <span class='ocrx_word' id='word_1_111' title='bbox 532 1590 664 1635; x_wconf 85' lang='grc' dir='ltr'><em>καλῶς</em></span> <span class='ocrx_word' id='word_1_112' title='bbox 682 1587 748 1627; x_wconf 80' lang='grc' dir='ltr'><em>καὶ</em></span> <span class='ocrx_word' id='word_1_113' title='bbox 770 1585 883 1627; x_wconf 75' lang='grc' dir='ltr'><em>καθὰ</em></span> <span class='ocrx_word' id='word_1_114' title='bbox 900 1589 986 1641; x_wconf 82' lang='grc' dir='ltr'><em>θεῷ</em></span> <span class='ocrx_word' id='word_1_115' title='bbox 1009 1585 1138 1640; x_wconf 75' lang='grc' dir='ltr'><em>φίλον.</em></span> 
     </span>
     <span class='ocr_line' id='line_1_23' title="bbox 239 1649 1134 1709; baseline -0.001 -16"><span class='ocrx_word' id='word_1_116' title='bbox 239 1653 320 1694; x_wconf 80' lang='grc'><em>725</em></span> <span class='ocrx_word' id='word_1_117' title='bbox 415 1653 625 1709; x_wconf 85' lang='grc' dir='ltr'><em>Ἀρσακίου</em></span> <span class='ocrx_word' id='word_1_118' title='bbox 648 1653 692 1694; x_wconf 77' lang='grc' dir='ltr'><em>δὲ</em></span> <span class='ocrx_word' id='word_1_119' title='bbox 711 1652 779 1694; x_wconf 85' lang='grc' dir='ltr'><em>τὸν</em></span> <span class='ocrx_word' id='word_1_120' title='bbox 796 1654 885 1705; x_wconf 78' lang='grc' dir='ltr'><em>βίον</em></span> <span class='ocrx_word' id='word_1_121' title='bbox 907 1649 1134 1701; x_wconf 74' lang='grc' dir='ltr'><em>λελοιπότος</em></span> 
     </span>
    </p>

    <p class='ocr_par' dir='ltr' id='par_1_19' title="bbox 356 1717 1116 1775">
     <span class='ocr_line' id='line_1_24' title="bbox 356 1717 1116 1775; baseline -0.003 -13"><span class='ocrx_word' id='word_1_122' title='bbox 356 1721 566 1774; x_wconf 74' lang='grc' dir='ltr'><em>ἐκκλησίας</em></span> <span class='ocrx_word' id='word_1_123' title='bbox 584 1719 745 1775; x_wconf 64' lang='grc' dir='ltr'><em>ἔσχηκεν</em></span> <span class='ocrx_word' id='word_1_124' title='bbox 761 1718 934 1768; x_wconf 81' lang='grc' dir='ltr'><em>Ἀττικὸς</em></span> <span class='ocrx_word' id='word_1_125' title='bbox 951 1717 1116 1775; x_wconf 82' lang='grc' dir='ltr'><em>θρόνον,</em></span> 
     </span>
    </p>

    <p class='ocr_par' dir='ltr' id='par_1_20' title="bbox 355 1785 1156 1845">
     <span class='ocr_line' id='line_1_25' title="bbox 355 1785 1156 1845; baseline 0 -16"><span class='ocrx_word' id='word_1_126' title='bbox 355 1786 624 1842; x_wconf 73' lang='grc' dir='ltr'><em>κοσμούμενος</em></span> <span class='ocrx_word' id='word_1_127' title='bbox 642 1788 719 1845; x_wconf 75' lang='grc' dir='ltr'><em>βίῳ</em></span> <span class='ocrx_word' id='word_1_128' title='bbox 741 1804 783 1829; x_wconf 89' lang='grc' dir='ltr'><em>τε</em></span> <span class='ocrx_word' id='word_1_129' title='bbox 803 1789 869 1829; x_wconf 83' lang='grc' dir='ltr'><em>καὶ</em></span> <span class='ocrx_word' id='word_1_130' title='bbox 890 1785 994 1844; x_wconf 76' lang='grc' dir='ltr'><em>λόγῳ</em></span> <span class='ocrx_word' id='word_1_131' title='bbox 1017 1786 1156 1829; x_wconf 77' lang='grc' dir='ltr'><em>πλέον·</em></span> 
     </span>
    </p>

    <p class='ocr_par' dir='ltr' id='par_1_21' title="bbox 355 1851 1070 1911">
     <span class='ocr_line' id='line_1_26' title="bbox 355 1851 1070 1911; baseline -0.001 -15"><span class='ocrx_word' id='word_1_132' title='bbox 355 1854 402 1904; x_wconf 75' lang='grc' dir='ltr'><em>ὃς</em></span> <span class='ocrx_word' id='word_1_133' title='bbox 417 1855 611 1896; x_wconf 77' lang='grc' dir='ltr'><em>Ἰουδαῖον</em></span> <span class='ocrx_word' id='word_1_134' title='bbox 634 1852 864 1911; x_wconf 80' lang='grc' dir='ltr'><em>παράλυτον</em></span> <span class='ocrx_word' id='word_1_135' title='bbox 885 1855 928 1895; x_wconf 73' lang='grc' dir='ltr'><em>ἐκ</em></span> <span class='ocrx_word' id='word_1_136' title='bbox 949 1851 1070 1896; x_wconf 86' lang='grc' dir='ltr'><em>νόσου</em></span> 
     </span>
    </p>

    <p class='ocr_par' dir='ltr' id='par_1_22' title="bbox 241 1917 1203 2046">
     <span class='ocr_line' id='line_1_27' title="bbox 354 1917 1203 1976; baseline 0 -13"><span class='ocrx_word' id='word_1_137' title='bbox 354 1922 570 1964; x_wconf 78' lang='grc' dir='ltr'><em>πεισθέντα</em></span> <span class='ocrx_word' id='word_1_138' title='bbox 588 1928 703 1976; x_wconf 85' lang='grc' dir='ltr'><em>μυεῖ,</em></span> <span class='ocrx_word' id='word_1_139' title='bbox 737 1923 804 1964; x_wconf 85' lang='grc' dir='ltr'><em>καὶ</em></span> <span class='ocrx_word' id='word_1_140' title='bbox 823 1921 1023 1976; x_wconf 80' lang='grc' dir='ltr'><em>βαπτίσας</em></span> <span class='ocrx_word' id='word_1_141' title='bbox 1041 1917 1096 1969; x_wconf 83' lang='grc' dir='ltr'><em>ὧς</em></span> <span class='ocrx_word' id='word_1_142' title='bbox 1114 1919 1203 1963; x_wconf 77' lang='grc' dir='ltr'><em>δέον</em></span> 
     </span>
     <span class='ocr_line' id='line_1_28' title="bbox 241 1986 1110 2046; baseline 0 -16"><span class='ocrx_word' id='word_1_143' title='bbox 241 1990 323 2032; x_wconf 85' lang='grc'><em>730</em></span> <span class='ocrx_word' id='word_1_144' title='bbox 356 1992 526 2046; x_wconf 78' lang='grc' dir='ltr'><em>λουτροῦ</em></span> <span class='ocrx_word' id='word_1_145' title='bbox 538 1989 704 2046; x_wconf 78' lang='grc' dir='ltr'><em>χάριτος</em></span> <span class='ocrx_word' id='word_1_146' title='bbox 721 1987 813 2045; x_wconf 81' lang='grc' dir='ltr'><em>ὖγιῆ</em></span> <span class='ocrx_word' id='word_1_147' title='bbox 832 1987 941 2031; x_wconf 82' lang='grc' dir='ltr'><em>τόνδ’</em></span> <span class='ocrx_word' id='word_1_148' title='bbox 964 1986 1110 2043; x_wconf 82' lang='grc' dir='ltr'><em>ἀνάγει.</em></span> 
     </span>
    </p>
   </div>
   <div class='ocr_carea' id='block_1_3' title="bbox 222 2114 1678 2794">
    <p class='ocr_par' dir='ltr' id='par_1_23' title="bbox 222 2114 1672 2658">
     <span class='ocr_line' id='line_1_29' title="bbox 223 2114 1670 2163; baseline 0 -13"><span class='ocrx_word' id='word_1_149' title='bbox 223 2114 319 2158; x_wconf 77' lang='lat' dir='ltr'>buit,</span> <span class='ocrx_word' id='word_1_150' title='bbox 350 2118 442 2152; x_wconf 88' lang='lat' dir='ltr'>omni</span> <span class='ocrx_word' id='word_1_151' title='bbox 463 2116 594 2151; x_wconf 80' lang='lat' dir='ltr'>virtute</span> <span class='ocrx_word' id='word_1_152' title='bbox 616 2116 806 2163; x_wconf 80' lang='lat' dir='ltr'><strong>praeditam</strong></span> <span class='ocrx_word' id='word_1_153' title='bbox 829 2117 1065 2160; x_wconf 87' lang='lat' dir='ltr'>Pulcheriam,</span> <span class='ocrx_word' id='word_1_154' title='bbox 1095 2115 1200 2160; x_wconf 87' lang='lat'>(705)</span> <span class='ocrx_word' id='word_1_155' title='bbox 1222 2118 1371 2151; x_wconf 73' lang='lat' dir='ltr'>tutorem</span> <span class='ocrx_word' id='word_1_156' title='bbox 1392 2126 1478 2150; x_wconf 81' lang='lat' dir='ltr'>vero</span> <span class='ocrx_word' id='word_1_157' title='bbox 1500 2116 1670 2161; x_wconf 75' lang='lat' dir='ltr'><strong>supremis</strong></span> 
     </span>
     <span class='ocr_line' id='line_1_30' title="bbox 222 2161 1672 2207; baseline 0 -11"><span class='ocrx_word' id='word_1_158' title='bbox 222 2161 334 2207; x_wconf 78' lang='lat' dir='ltr'>patris</span> <span class='ocrx_word' id='word_1_159' title='bbox 355 2162 481 2197; x_wconf 84' lang='lat' dir='ltr'>tabulis</span> <span class='ocrx_word' id='word_1_160' title='bbox 504 2162 716 2206; x_wconf 85' lang='lat' dir='ltr'>Isdigerdem</span> <span class='ocrx_word' id='word_1_161' title='bbox 739 2162 893 2196; x_wconf 79' lang='lat' dir='ltr'><strong>Persidis</strong></span> <span class='ocrx_word' id='word_1_162' title='bbox 917 2167 998 2196; x_wconf 82' lang='lat' dir='ltr'>tunc</span> <span class='ocrx_word' id='word_1_163' title='bbox 1020 2173 1157 2206; x_wconf 82' lang='lat' dir='ltr'>regem3</span> <span class='ocrx_word' id='word_1_164' title='bbox 1180 2173 1200 2194; x_wconf 87' lang='lat' dir='ltr'>a</span> <span class='ocrx_word' id='word_1_165' title='bbox 1216 2172 1283 2206; x_wconf 90' lang='lat' dir='ltr'><em>quo</em></span> <span class='ocrx_word' id='word_1_166' title='bbox 1299 2162 1379 2195; x_wconf 88' lang='lat' dir='ltr'><em>dum</em></span> <span class='ocrx_word' id='word_1_167' title='bbox 1391 2161 1531 2204; x_wconf 81' lang='lat' dir='ltr'>timent,</span> <span class='ocrx_word' id='word_1_168' title='bbox 1555 2161 1672 2196; x_wconf 84' lang='lat' dir='ltr'>cuncti</span> 
     </span>
     <span class='ocr_line' id='line_1_31' title="bbox 223 2205 1671 2251; baseline -0.001 -10"><span class='ocrx_word' id='word_1_169' title='bbox 223 2207 394 2251; x_wconf 83' lang='lat' dir='ltr'>parebant</span> <span class='ocrx_word' id='word_1_170' title='bbox 422 2207 578 2250; x_wconf 89' lang='lat' dir='ltr'>domino,</span> <span class='ocrx_word' id='word_1_171' title='bbox 612 2219 677 2241; x_wconf 86' lang='lat' dir='ltr'><em>nec</em></span> <span class='ocrx_word' id='word_1_172' title='bbox 708 2207 925 2251; x_wconf 81' lang='lat' dir='ltr'>tyrannidem</span> <span class='ocrx_word' id='word_1_173' title='bbox 956 2207 1135 2250; x_wconf 83' lang='lat' dir='ltr'>quisquam</span> <span class='ocrx_word' id='word_1_174' title='bbox 1166 2206 1357 2240; x_wconf 81' lang='lat' dir='ltr'>affectavit.</span> <span class='ocrx_word' id='word_1_175' title='bbox 1402 2206 1493 2240; x_wconf 87' lang='lat' dir='ltr'>idem</span> <span class='ocrx_word' id='word_1_176' title='bbox 1523 2205 1671 2240; x_wconf 81' lang='lat' dir='ltr'>Athenis</span> 
     </span>
     <span class='ocr_line' id='line_1_32' title="bbox 226 2250 1672 2298; baseline 0.001 -13"><span class='ocrx_word' id='word_1_177' title='bbox 226 2251 371 2295; x_wconf 78' lang='lat' dir='ltr'>puellam</span> <span class='ocrx_word' id='word_1_178' title='bbox 393 2252 597 2296; x_wconf 80' lang='lat' dir='ltr'><strong>accersivit,</strong></span> <span class='ocrx_word' id='word_1_179' title='bbox 630 2253 735 2296; x_wconf 88' lang='grc'>(710)</span> <span class='ocrx_word' id='word_1_180' title='bbox 766 2252 903 2298; x_wconf 87' lang='lat' dir='ltr'>imperii</span> <span class='ocrx_word' id='word_1_181' title='bbox 923 2251 1055 2296; x_wconf 82' lang='lat' dir='ltr'>pariter</span> <span class='ocrx_word' id='word_1_182' title='bbox 1078 2255 1116 2284; x_wconf 87' lang='lat' dir='ltr'><em>ut</em></span> <span class='ocrx_word' id='word_1_183' title='bbox 1139 2256 1230 2285; x_wconf 86' lang='lat' dir='ltr'>esset</span> <span class='ocrx_word' id='word_1_184' title='bbox 1252 2251 1390 2295; x_wconf 83' lang='lat' dir='ltr'>torique</span> <span class='ocrx_word' id='word_1_185' title='bbox 1413 2250 1528 2294; x_wconf 83' lang='lat' dir='ltr'>socia,</span> <span class='ocrx_word' id='word_1_186' title='bbox 1559 2252 1672 2287; x_wconf 69' lang='lat' dir='ltr'>forma</span> 
     </span>
     <span class='ocr_line' id='line_1_33' title="bbox 224 2295 1671 2386; baseline 0.001 -12"><span class='ocrx_word' id='word_1_187' title='bbox 224 2297 917 2376; x_wconf 59' lang='lat' dir='ltr'><em>Effifflfff¹30{3÷‘;“1{¹2L{{¹;¹⁶E?1‘522⁰÷}m⁸¹¹¹</em></span> <span class='ocrx_word' id='word_1_188' title='bbox 929 2295 1275 2385; x_wconf 55' lang='grc' dir='ltr'><em>’.ἓῑῐῗῗὲρὲἓὲἓέἒ</em></span> <span class='ocrx_word' id='word_1_189' title='bbox 1286 2295 1671 2386; x_wconf 52' lang='grc' dir='ltr'><em>ἕξᾚὲἳςὲἓὲἒῗῗέἰὲἳέ</em></span> 
     </span>
     <span class='ocr_line' id='line_1_34' title="bbox 227 2367 1671 2430; baseline 0.001 -11"><span class='ocrx_word' id='word_1_190' title='bbox 227 2385 333 2428; x_wconf 90' lang='grc'>(715)</span> <span class='ocrx_word' id='word_1_191' title='bbox 366 2387 627 2422; x_wconf 79' lang='lat' dir='ltr'>homerocentra</span> <span class='ocrx_word' id='word_1_192' title='bbox 659 2388 785 2422; x_wconf 81' lang='lat' dir='ltr'>docent</span> <span class='ocrx_word' id='word_1_193' title='bbox 806 2392 883 2421; x_wconf 78' lang='lat' dir='ltr'>cate</span> <span class='ocrx_word' id='word_1_194' title='bbox 902 2367 1049 2430; x_wconf 70' lang='lat' dir='ltr'>&#39;scripta-</span> <span class='ocrx_word' id='word_1_195' title='bbox 1097 2386 1214 2421; x_wconf 85' lang='lat' dir='ltr'>eadem</span> <span class='ocrx_word' id='word_1_196' title='bbox 1237 2386 1358 2420; x_wconf 82' lang='lat' dir='ltr'>invisit</span> <span class='ocrx_word' id='word_1_197' title='bbox 1384 2387 1524 2421; x_wconf 86' lang='lat' dir='ltr'>Sionem</span> <span class='ocrx_word' id='word_1_198' title='bbox 1550 2388 1671 2421; x_wconf 88' lang='lat' dir='ltr'>urbem</span> 
     </span>
     <span class='ocr_line' id='line_1_35' title="bbox 227 2429 1672 2476; baseline 0.001 -12"><span class='ocrx_word' id='word_1_199' title='bbox 227 2429 307 2473; x_wconf 86' lang='lat' dir='ltr'>dei,</span> <span class='ocrx_word' id='word_1_200' title='bbox 336 2442 502 2475; x_wconf 80' lang='lat' dir='ltr'>praesens</span> <span class='ocrx_word' id='word_1_201' title='bbox 524 2437 732 2467; x_wconf 76' lang='lat' dir='ltr'>veneratum</span> <span class='ocrx_word' id='word_1_202' title='bbox 753 2438 890 2467; x_wconf 80' lang='lat' dir='ltr'>sanctos</span> <span class='ocrx_word' id='word_1_203' title='bbox 913 2431 1026 2475; x_wconf 77' lang='lat' dir='ltr'>locos,</span> <span class='ocrx_word' id='word_1_204' title='bbox 1057 2442 1197 2474; x_wconf 80' lang='lat' dir='ltr'>magnas</span> <span class='ocrx_word' id='word_1_205' title='bbox 1224 2443 1308 2476; x_wconf 85' lang='lat' dir='ltr'>opes</span> <span class='ocrx_word' id='word_1_206' title='bbox 1330 2433 1470 2476; x_wconf 82' lang='lat' dir='ltr'>ferens,</span> <span class='ocrx_word' id='word_1_207' title='bbox 1502 2431 1672 2466; x_wconf 72' lang='lat' dir='ltr'>vimauri</span> 
     </span>
     <span class='ocr_line' id='line_1_36' title="bbox 226 2474 1672 2522; baseline 0.002 -15"><span class='ocrx_word' id='word_1_208' title='bbox 226 2474 456 2520; x_wconf 83' lang='lat' dir='ltr'>innumeram,</span> <span class='ocrx_word' id='word_1_209' title='bbox 481 2489 549 2522; x_wconf 91' lang='lat' dir='ltr'><em>qua</em></span> <span class='ocrx_word' id='word_1_210' title='bbox 572 2478 738 2512; x_wconf 79' lang='lat' dir='ltr'>excitavit</span> <span class='ocrx_word' id='word_1_211' title='bbox 758 2477 885 2521; x_wconf 79' lang='lat' dir='ltr'>templa</span> <span class='ocrx_word' id='word_1_212' title='bbox 908 2476 1047 2510; x_wconf 83' lang='lat' dir='ltr'>Christo</span> <span class='ocrx_word' id='word_1_213' title='bbox 1070 2476 1219 2510; x_wconf 89' lang='lat' dir='ltr'>domino.</span> <span class='ocrx_word' id='word_1_214' title='bbox 1267 2478 1372 2521; x_wconf 78' lang='lat'>(720)</span> <span class='ocrx_word' id='word_1_215' title='bbox 1395 2477 1520 2511; x_wconf 86' lang='lat' dir='ltr'>deinde</span> <span class='ocrx_word' id='word_1_216' title='bbox 1542 2476 1588 2511; x_wconf 81' lang='lat' dir='ltr'><em>ad</em></span> <span class='ocrx_word' id='word_1_217' title='bbox 1610 2487 1672 2510; x_wconf 87' lang='lat' dir='ltr'><em>ur-</em></span> 
     </span>
     <span class='ocr_line' id='line_1_37' title="bbox 227 2520 1671 2567; baseline 0.001 -14"><span class='ocrx_word' id='word_1_218' title='bbox 227 2520 304 2553; x_wconf 90' lang='lat' dir='ltr'><em>bem</em></span> <span class='ocrx_word' id='word_1_219' title='bbox 326 2521 455 2564; x_wconf 81' lang='lat' dir='ltr'>regiam</span> <span class='ocrx_word' id='word_1_220' title='bbox 477 2524 598 2566; x_wconf 86' lang='lat' dir='ltr'>pedem</span> <span class='ocrx_word' id='word_1_221' title='bbox 612 2523 757 2559; x_wconf 81' lang='lat' dir='ltr'>rettulit.</span> <span class='ocrx_word' id='word_1_222' title='bbox 807 2528 1011 2567; x_wconf 82' lang='lat' dir='ltr'>postremum</span> <span class='ocrx_word' id='word_1_223' title='bbox 1034 2521 1116 2555; x_wconf 83' lang='lat' dir='ltr'>fatis</span> <span class='ocrx_word' id='word_1_224' title='bbox 1138 2522 1256 2556; x_wconf 78' lang='lat' dir='ltr'>functo</span> <span class='ocrx_word' id='word_1_225' title='bbox 1278 2533 1363 2566; x_wconf 83' lang='lat' dir='ltr'>rege</span> <span class='ocrx_word' id='word_1_226' title='bbox 1386 2523 1531 2567; x_wconf 82' lang='lat' dir='ltr'>coniuge</span> <span class='ocrx_word' id='word_1_227' title='bbox 1550 2532 1671 2555; x_wconf 80' lang='lat' dir='ltr'>rursus</span> 
     </span>
     <span class='ocr_line' id='line_1_38' title="bbox 231 2564 1672 2614; baseline 0.002 -16"><span class='ocrx_word' id='word_1_228' title='bbox 231 2564 276 2598; x_wconf 84' lang='lat' dir='ltr'><em>ad</em></span> <span class='ocrx_word' id='word_1_229' title='bbox 309 2571 428 2599; x_wconf 78' lang='lat' dir='ltr'>sancta</span> <span class='ocrx_word' id='word_1_230' title='bbox 459 2574 567 2602; x_wconf 85' lang='lat' dir='ltr'>semet</span> <span class='ocrx_word' id='word_1_231' title='bbox 596 2568 768 2614; x_wconf 83' lang='lat' dir='ltr'>recipiens</span> <span class='ocrx_word' id='word_1_232' title='bbox 798 2567 894 2610; x_wconf 86' lang='lat' dir='ltr'>loca,</span> <span class='ocrx_word' id='word_1_233' title='bbox 927 2566 1102 2601; x_wconf 85' lang='lat' dir='ltr'>mortalem</span> <span class='ocrx_word' id='word_1_234' title='bbox 1131 2566 1257 2601; x_wconf 89' lang='lat' dir='ltr'><em>ibidem</em></span> <span class='ocrx_word' id='word_1_235' title='bbox 1287 2567 1453 2603; x_wconf 77' lang='lat' dir='ltr'>conclusit</span> <span class='ocrx_word' id='word_1_236' title='bbox 1480 2566 1672 2613; x_wconf 75' lang='lat' dir='ltr'>periodum,</span> 
     </span>
     <span class='ocr_line' id='line_1_39' title="bbox 231 2610 975 2658; baseline 0.003 -14"><span class='ocrx_word' id='word_1_237' title='bbox 231 2610 321 2644; x_wconf 84' lang='lat' dir='ltr'>bene</span> <span class='ocrx_word' id='word_1_238' title='bbox 343 2616 422 2644; x_wconf 81' lang='lat' dir='ltr'>acta</span> <span class='ocrx_word' id='word_1_239' title='bbox 445 2610 538 2656; x_wconf 80' lang='lat' dir='ltr'>vita,</span> <span class='ocrx_word' id='word_1_240' title='bbox 562 2619 666 2658; x_wconf 83' lang='lat' dir='ltr'>atque</span> <span class='ocrx_word' id='word_1_241' title='bbox 688 2613 740 2647; x_wconf 84' lang='lat' dir='ltr'>uti</span> <span class='ocrx_word' id='word_1_242' title='bbox 761 2612 826 2646; x_wconf 90' lang='lat' dir='ltr'><em>deo</em></span> <span class='ocrx_word' id='word_1_243' title='bbox 848 2611 975 2657; x_wconf 86' lang='lat' dir='ltr'>placet.</span> 
     </span>
    </p>

    <p class='ocr_par' dir='ltr' id='par_1_24' title="bbox 233 2655 1678 2794">
     <span class='ocr_line' id='line_1_40' title="bbox 323 2655 1678 2702; baseline 0.001 -12"><span class='ocrx_word' id='word_1_244' title='bbox 323 2655 425 2698; x_wconf 76' lang='lat'>(725)</span> <span class='ocrx_word' id='word_1_245' title='bbox 459 2655 531 2690; x_wconf 85' lang='lat' dir='ltr'><em>Iam</em></span> <span class='ocrx_word' id='word_1_246' title='bbox 557 2669 641 2692; x_wconf 85' lang='lat' dir='ltr'>vero</span> <span class='ocrx_word' id='word_1_247' title='bbox 664 2657 807 2693; x_wconf 79' lang='lat' dir='ltr'>Arsacio</span> <span class='ocrx_word' id='word_1_248' title='bbox 835 2657 928 2690; x_wconf 82' lang='lat' dir='ltr'>vivis</span> <span class='ocrx_word' id='word_1_249' title='bbox 953 2657 1140 2692; x_wconf 81' lang='lat' dir='ltr'>excedente</span> <span class='ocrx_word' id='word_1_250' title='bbox 1162 2657 1328 2692; x_wconf 86' lang='lat' dir='ltr'>ecclesiae</span> <span class='ocrx_word' id='word_1_251' title='bbox 1349 2657 1464 2693; x_wconf 78' lang='lat' dir='ltr'>sedem</span> <span class='ocrx_word' id='word_1_252' title='bbox 1490 2655 1678 2702; x_wconf 73' lang='lat' dir='ltr'>occupavib</span> 
     </span>
     <span class='ocr_line' id='line_1_41' title="bbox 233 2698 1673 2748; baseline 0.002 -15"><span class='ocrx_word' id='word_1_253' title='bbox 233 2698 389 2743; x_wconf 72' lang='lat' dir='ltr'>Atticus,</span> <span class='ocrx_word' id='word_1_254' title='bbox 427 2700 578 2735; x_wconf 84' lang='lat' dir='ltr'>moribus</span> <span class='ocrx_word' id='word_1_255' title='bbox 608 2715 649 2737; x_wconf 85' lang='lat' dir='ltr'><em>ac</em></span> <span class='ocrx_word' id='word_1_256' title='bbox 678 2703 791 2738; x_wconf 72' lang='lat' dir='ltr'>literis</span> <span class='ocrx_word' id='word_1_257' title='bbox 820 2702 956 2736; x_wconf 76' lang='lat' dir='ltr'>abunde</span> <span class='ocrx_word' id='word_1_258' title='bbox 989 2702 1200 2746; x_wconf 73' lang='lat' dir='ltr'>instructus,</span> <span class='ocrx_word' id='word_1_259' title='bbox 1236 2703 1297 2748; x_wconf 87' lang='lat' dir='ltr'>qui</span> <span class='ocrx_word' id='word_1_260' title='bbox 1318 2703 1482 2741; x_wconf 78' lang='lat' dir='ltr'>Iudaeum</span> <span class='ocrx_word' id='word_1_261' title='bbox 1503 2702 1673 2747; x_wconf 77' lang='lat' dir='ltr'>quendam</span> 
     </span>
     <span class='ocr_line' id='line_1_42' title="bbox 234 2744 1674 2794; baseline 0.001 -13"><span class='ocrx_word' id='word_1_262' title='bbox 234 2745 351 2781; x_wconf 79' lang='lat' dir='ltr'>morbo</span> <span class='ocrx_word' id='word_1_263' title='bbox 377 2744 521 2781; x_wconf 77' lang='lat' dir='ltr'>fractum</span> <span class='ocrx_word' id='word_1_264' title='bbox 543 2748 737 2785; x_wconf 79' lang='lat' dir='ltr'>credentem</span> <span class='ocrx_word' id='word_1_265' title='bbox 751 2747 886 2794; x_wconf 75' lang='lat' dir='ltr'>initiat,</span> <span class='ocrx_word' id='word_1_266' title='bbox 907 2747 1155 2794; x_wconf 55' lang='lat' dir='ltr'>baptizatusque</span> <span class='ocrx_word' id='word_1_267' title='bbox 1171 2748 1241 2784; x_wconf 81' lang='lat' dir='ltr'>rite</span> <span class='ocrx_word' id='word_1_268' title='bbox 1263 2749 1368 2793; x_wconf 84' lang='lat'><strong>(730)</strong></span> <span class='ocrx_word' id='word_1_269' title='bbox 1390 2747 1520 2784; x_wconf 78' lang='lat' dir='ltr'>lavacri</span> <span class='ocrx_word' id='word_1_270' title='bbox 1533 2757 1674 2784; x_wconf 76' lang='lat' dir='ltr'>munere.</span> 
     </span>
    </p>
   </div>
  </div>
 </body>
</html>
