1786 3080
231 124 296 172 78

781 130 1132 176 EPHRAEMIUS

234 239 343 280 1695
369 238 537 292 αἰζιιατος
557 237 649 297 ἄχρι
670 245 802 292 καλῶς
820 242 1123 298 ἠγωνισμένους,

370 305 469 363 ὑπὲρ
489 312 687 363 σεβαστῆς
703 309 852 362 &advoc
869 317 942 355 τοῦ
958 311 1176 355 δεσπότου·

366 375 469 428 μεθ’
493 370 548 418 ὧν
569 381 707 434 σοφῶν
725 377 910 434 σύστημα
927 382 1069 436 διπλῆς
1086 379 1228 431 ἑξάδος

371 443 530 499 ἀνδρῶν
548 443 730 500 λογάδων
747 449 813 489 καὶ
836 447 1090 492 διδασκάλων
1111 446 1241 504 λόγων

369 512 444 553 σὺν
461 517 576 568 σφῶν
593 514 776 573 προὲὃρῳ
785 547 799 567 ,
833 517 1038 573 πρακτέων
1058 517 1289 574 παραινέτῃ,
1320 573 1323 574 ⁷

237 580 348 621 1700
372 581 629 639 οἷκουμενικῷ
648 582 720 636 τὴν
740 583 858 638 τιμὴν
879 583 1126 642 διδασκάλῳ,

368 649 555 704 Χριστοῦ
574 655 749 709 παριστᾷ
769 651 980 708 μάρτυρας
999 653 1304 709 πυριφλὲκτους,

371 716 482 773 αὐτῷ’
501 715 614 774 δόμῳ
632 716 781 774 φύλακι
803 723 998 763 παντοίων
1012 723 1167 775 βίβλων

371 786 700 842 συγκαταφλέξας
716 792 825 844 σφᾶς
843 788 1019 845 ἀφειδῶς
1035 790 1183 839 ἀθέως.

347 893 359 902 ‚
373 854 438 894 καὶ
456 854 497 893 Γ
493 854 664 909 ερμανὸν
682 856 725 897 δὲ
744 855 1012 912 ποιμενάρχην
1031 862 1104 899 τοῦ
1121 853 1290 914 θρόνου,

239 921 347 962 1705
372 925 430 977 τῷ
449 923 638 974 δι’σσεβεῖ
651 922 819 979 δόγματι
837 925 895 980 μὴ
916 926 1184 978 πεπεισμένον,

370 987 518 1039 ἐλάσας
541 990 751 1046 ἀπέστησε
771 997 822 1049 τῇ
841 995 986 1050 ποίμνῃ
1008 992 1141 1036 λύκον.

370 1057 487 1099 ταῦτ’
513 1057 593 1115 ἄρα
610 1057 743 1115 Ῥώμη
761 1065 976 1118 πρξσβῦτις
992 1066 1062 1116 τῆς
1079 1060 1180 1119 πρὸς
1197 1061 1288 1104 νέαν

502 1153 590 1187 1702
606 1165 648 1187 en
665 1154 808 1189 alterum
819 1155 1036 1199 Byzantinae
1051 1156 1283 1191 bibliothecae
1294 1155 1487 1190 incendium
1498 1155 1563 1190 sub
1571 1154 1688 1189 Leone

452 1198 618 1239 Isaurico,
638 1205 717 1244 post
734 1200 876 1244 primum
894 1203 986 1246 quod
1002 1202 1130 1236 accidit
1146 1203 1209 1236 sub
1226 1200 1393 1236 Basilisco
1410 1202 1592 1244 (v.1007).
1619 1211 1688 1244 qno

452 1243 519 1277 iam
543 1244 653 1278 minus
675 1246 836 1280 miremur
854 1253 907 1281 tot
925 1254 1082 1281 auctores
1098 1249 1310 1293 sempiterno
1328 1247 1434 1280 exitio
1451 1244 1612 1291 periisse.
1635 1246 1686 1280 Μ.

501 1291 587 1324 1706
605 1290 657 1323 bis
672 1291 785 1335 lectis,
809 1295 898 1336 quae
914 1295 956 1327 ob
973 1293 1137 1327 Germani
1153 1293 1370 1338 patriarchae
1387 1292 1611 1326 constantiam
1628 1303 1688 1325 or-

453 1334 722 1380 thodoxiamque
754 1337 1026 1382 collaudandam,
1063 1345 1166 1383 atque
1191 1340 1233 1372 ob
1259 1337 1387 1372 Leonis
1409 1337 1556 1372 Isaurici
1578 1337 1690 1382 impe-

453 1380 581 1414 ratoris
626 1383 894 1417 crudelissimam
939 1384 1108 1418 haeresim
1155 1384 1402 1427 obiurgandum
1443 1382 1530 1417 dicit
1571 1389 1691 1416 noster

454 1425 707 1471 Ephraemius,
741 1429 906 1473 puderet,
938 1430 1064 1473 credo,
1095 1430 1126 1463 si
1152 1430 1304 1474 viveret,
1330 1429 1504 1462 cavaeum
1527 1428 1690 1462 doctissi-

456 1483 546 1504 mum
570 1472 804 1517 anglicanum,
840 1474 899 1519 qui
934 1475 1078 1521 (script.
1104 1475 1188 1508 eccl.
1215 1475 1270 1508 ed.
1296 1487 1328 1508 a.
1356 1475 1444 1509 1720
1465 1486 1501 1519 p.
1522 1474 1615 1518 408)
1646 1474 1692 1508 de

457 1518 631 1550 Germano
660 1529 766 1561 agens
790 1520 840 1552 ita
863 1520 1018 1554 scribere
1048 1532 1151 1553 ausus
1181 1527 1236 1554 est
1265 1517 1432 1564 “integro
1457 1519 1692 1564 quadriennio

459 1562 628 1596 Germani
648 1565 881 1607 pertinaciam
903 1566 1081 1609 patienter
1100 1566 1183 1599 tulit
1200 1566 1483 1599 clementissimus
1500 1565 1693 1609 imperator

457 1608 559 1649 (Leo
582 1608 802 1652 Isauricus);
828 1623 907 1644 cum
931 1622 1010 1644 vcro
1033 1612 1144 1645 nullis
1169 1612 1318 1654 monitis,
1341 1611 1453 1644 nullis
1474 1611 1693 1644 documentis

457 1654 506 1686 ad
529 1664 652 1687 sanam
676 1660 825 1688 mentem
848 1662 881 1690 et
905 1657 1133 1691 obedientiam
1156 1658 1302 1691 decretis
1323 1657 1502 1694 Caesareis
1525 1668 1568 1690 ac
1590 1668 1692 1700 syno-

457 1699 545 1732 dicis
567 1702 821 1743 praestandam
845 1703 978 1735 adduci
998 1708 1133 1747 posset,
1170 1713 1266 1736 anno
1289 1703 1427 1735 demum
1450 1703 1536 1746 730,
1570 1703 1692 1736 habita

455 1745 608 1789 synodo,
632 1747 713 1779 sede
733 1748 972 1790 patriarchali
993 1753 1109 1782 motus
1130 1744 1219 1783 est.’'
1264 1748 1326 1781 sed
1347 1748 1398 1782 ita
1418 1747 1574 1782 nimirum
1597 1746 1693 1793 loqui

457 1789 571 1824 solent
605 1791 779 1836 homines,
810 1792 891 1827 'cum
928 1794 1165 1839 praeiudicato
1197 1794 1343 1837 partium
1368 1793 1483 1828 studio
1505 1793 1692 1828 iactantur.

461 1847 542 1869 ecce
579 1837 667 1870 enim
701 1838 860 1872 Cavaeus
894 1838 1005 1883 idem,
1040 1839 1241 1885 pontificiae
1273 1838 1512 1881 auctoritatis,
1550 1845 1590 1873 ut
1620 1843 1692 1872 tum

458 1886 615 1926 tempora
640 1889 756 1927 erant,
782 1884 861 1917 odio
884 1884 1053 1930 imbutus,
1077 1884 1112 1918 iu
1138 1884 1355 1929 praefatione
1377 1895 1536 1928 quoque,
1560 1897 1597 1930 p.
1615 1895 1693 1927 xx1,

459 1926 624 1961 insulsum
658 1939 807 1962 errorem
842 1942 885 1963 ex
916 1930 1028 1964 aliena
1060 1930 1207 1964 ridicula
1240 1929 1406 1963 relatione
1438 1930 1565 1964 hausit.
1612 1929 1694 1974 quia

458 1973 546 2006 euim
585 1974 621 2007 in
652 1974 886 2009 bibliothecae
908 1976 1096 2009 Vaticanae
1123 1975 1269 2021 publicis
1292 1975 1425 2019 legibus
1447 1975 1532 2009 illud
1555 1986 1694 2019 quoque

458 2018 653 2053 mandatum
671 2026 735 2063 est,
760 2026 797 2054 ut
821 2033 841 2054 a
865 2021 986 2065 peritis
1008 2021 1236 2066 scriptoribus
1258 2021 1391 2065 antiqui
1413 2020 1564 2064 codices,
1586 2021 1616 2054 si
1634 2020 1694 2064 qui

458 2064 553 2096 carie
578 2064 632 2098 vel
655 2066 723 2098 alio
749 2066 941 2100 chartarum
968 2067 1053 2101 vitio
1076 2067 1311 2100 vehementius
1337 2067 1510 2110 laborant,
1543 2066 1695 2110 diligen-

461 2115 517 2142 ter
542 2115 577 2143 et
599 2110 799 2144 fidelissime
822 2112 1080 2156 exscribantur,
1103 2118 1208 2157 atque
1229 2112 1280 2146 ita
1301 2118 1372 2145 tum
1395 2118 1497 2145 vetus
1521 2110 1696 2156 exemplar

459 2158 531 2188 tum
566 2166 691 2190 novum
726 2156 823 2190 iuxta
853 2158 1095 2200 custodiatur,
1119 2157 1154 2190 id
1178 2168 1252 2191 cum
1275 2168 1338 2190 suo
1361 2156 1512 2190 relatore
1535 2157 1696 2191 Cavaeus

460 2200 505 2234 ad
538 2199 666 2245 impiae
699 2201 833 2235 fraudis
867 2203 1094 2246 suspicionem
1119 2202 1257 2247 oblique
1279 2202 1470 2245 convertit,
1508 2202 1609 2247 quasi
1631 2213 1696 2236 uos

460 2245 548 2280 adeo
571 2247 828 2290 corrumpendis
852 2248 1050 2282 auctoribus
1071 2248 1308 2291 indulgeamus
1332 2253 1370 2281 ut
1390 2247 1424 2281 ei
1446 2248 1499 2281 rei
1518 2248 1697 2293 proprium

460 2291 564 2324 etiam
596 2302 716 2325 munus
750 2298 787 2326 et
818 2294 1005 2326 conductos
1034 2293 1209 2338 stipendio
1241 2292 1396 2326 homines
1427 2293 1696 2327 decreverimus.

462 2347 532 2381 quo
565 2336 657 2371 dicto
691 2336 777 2371 nihil
808 2337 1079 2383 imprudentius,
1116 2338 1202 2373 nihil
1229 2338 1331 2384 gravi
1355 2344 1497 2374 auctore
1518 2338 1696 2384 indignius

461 2393 539 2416 esse
559 2387 690 2428 potest,
714 2383 765 2418 M.
1684 2386 1686 2388 ’

244 2458 314 2504 ipsi
345 2458 530 2505 plurimos,
565 2460 692 2504 (1695)
721 2460 782 2505 qui
805 2464 945 2495 strenue
967 2472 1078 2505 usque
1099 2460 1143 2495 ad
1165 2461 1365 2506 sanguinem
1388 2465 1611 2496 certaverunt
1630 2471 1695 2506 pro

243 2507 443 2539 veneranda
474 2506 603 2540 domini
631 2507 686 2541 sui
716 2507 878 2551 imagine.
924 2507 961 2541 in
990 2508 1042 2541 his
1065 2514 1198 2542 coetum
1222 2507 1401 2542 duodecim
1423 2507 1630 2553 sapientium
1654 2517 1696 2540 ac

245 2550 409 2584 docendis
440 2551 551 2586 literis
583 2552 875 2597 praepositorum,
911 2564 986 2588 cum
1009 2564 1072 2586 suo
1097 2553 1254 2598 praesule
1279 2559 1315 2588 et
1340 2554 1435 2587 vitae
1465 2553 1694 2595 moderatore,

243 2596 368 2639 (1700)
399 2607 498 2640 quem
530 2597 686 2642 magistri
716 2598 927 2632 oecumenici
960 2600 1107 2633 ornabat
1137 2599 1310 2643 dignitas,
1346 2598 1479 2632 Christi
1501 2599 1697 2632 combustos

244 2646 416 2684 martyres
447 2643 581 2687 effecit,
618 2654 693 2677 cum
724 2643 934 2677 bibliotheca
966 2644 1129 2678 librorum
1163 2644 1429 2679 instructissima
1451 2643 1538 2678 diris
1561 2642 1696 2687 impiis-

246 2697 315 2731 que
346 2687 488 2720 flammis
519 2700 579 2722 eos
607 2690 802 2724 absumens.
851 2690 1059 2723 Germanum
1100 2701 1238 2734 quoque
1272 2689 1463 2734 praesulem
1495 2688 1696 2734 primarium

245 2731 372 2776 (1705)
397 2731 594 2777 irreligioso
617 2734 769 2778 dogmati
792 2734 881 2768 haud
905 2735 1146 2769 assentientem
1171 2734 1322 2781 expulit,
1359 2741 1396 2768 et
1426 2745 1489 2779 pro
1514 2746 1555 2767 eo
1579 2733 1696 2778 lupum

246 2777 396 2812 obtrusit
429 2779 543 2823 gregi.
587 2779 716 2815 iccirco
747 2780 856 2815 Roma
884 2780 1002 2815 senior
1032 2781 1199 2816 adversus
1230 2791 1354 2816 novam
1376 2779 1579 2815 dissociavit
1601 2789 1695 2813 com-
