1786 3080
203 137 229 180 3
240 132 298 180 14
747 139 1097 185 EPHRAEMIUS

199 251 310 292 7770
333 249 436 292 κατὰ
461 247 641 307 Βερρῦην
657 251 795 312 ἐκνικᾷ
811 251 913 295 κατὰ
933 250 1095 310 κράτος,

333 317 435 361 ὥστε
453 318 554 375 πρὸς
573 319 709 371 ἄλλοις
725 323 791 363 καὶ
808 319 1027 375 σεβάσμιον
1046 319 1163 371 ξύλον

333 391 511 442 σταυροῦ
527 387 828 445 διαρπάσαντας
848 389 995 440 αὐτοὺς
1012 391 1212 446 κερδᾶναι,

331 454 377 496 ὃν
399 454 599 498 Αὐσόνων
614 455 778 508 ἄνακτες
799 458 961 515 ἐχθρῶν
981 459 1021 499 ἓν
1041 457 1191 512 μάχαις

331 521 498 580 ἡγήτορ’
523 522 626 579 εἶχον
643 527 709 567 καὶ
724 523 916 582 τρόπαιον
937 528 1003 568 καὶ
1021 527 1177 579 σθένος,

196 593 305 634 7775
331 590 538 646 ἀμήχανον
555 591 700 643 κάλλος
725 611 766 636 τε
786 595 852 635 καὶ
873 595 1083 646 ποικιλίαν,

324 665 465 717 χρυσῷ
482 661 697 718 τιμαλφέσι
714 679 755 704 τε
775 663 908 712 λίθοις
924 661 1148 719 μαργάροις

327 730 394 770 καὶ
414 737 608 782 τεχνικαΐς
624 727 787 786 χάρισιν
807 728 1065 787 ὡραὶσμένον,

328 794 470 839 τούτου
494 797 618 851 μέσον
641 798 816 854 φέροντα
835 799 967 853 τιμίου
989 797 1108 849 ξύλου

327 859 361 921 ᾧ
382 870 617 919 σωματικῶς
638 868 880 923 προσπαγεὶς
898 865 918 909 ὁ
939 865 1132 922 δεσπότης

192 934 303 976 7780
323 933 507 989 Χριστὸς
525 935 771 990 καθηγίασεν
791 936 932 989 αἵματι
947 934 1053 987 τόδε,

325 1000 460 1056 θήκας
479 1001 520 1044 τ’
543 1003 688 1058 ἐφεξῆς
701 1004 743 1053 ἐξ
763 1001 951 1060 ἑκατέρου
971 1004 1119 1060 μέρους

322 1075 479 1124 χρυσοῦ
496 1071 648 1127 τεχνίτῃ
667 1076 887 1129 προσφυῶς
909 1072 1180 1128 εἴργασμένας,

327 1140 369 1179 ἐν
388 1136 453 1188 αἷς
472 1143 627 1195 προσῆν
645 1140 818 1194 λείψανα
834 1142 1019 1196 Χριστοῦ
1034 1139 1251 1197 μαρτύρων

324 1208 391 1248 καὶ
409 1205 717 1264 μητρανάνόρου
732 1209 940 1265 παρθένου
957 1209 1099 1251 σεπτὸν
1119 1207 1238 1265 γάλα,

188 1278 298 1318 7785
322 1274 510 1329 τεμάχιον
534 1274 658 1330 ζώνης
682 1293 723 1318 τε
745 1279 867 1332 τῆσδε
887 1278 1034 1331 τιμίας,

324 1345 389 1385 καὶ
411 1347 574 1387 πλεῖστα
598 1342 786 1399 τιμήεντα
803 1348 869 1386 καὶ
887 1344 1144 1399 θαυμαστὲα.

323 1413 388 1453 καὶ
408 1416 463 1469 τῷ
481 1412 574 1466 μετ’
596 1412 718 1455 αὐτὸν
738 1411 1015 1469 παραλαβόντι
1037 1411 1183 1469 κράτος

315 1480 475 1536 Ἀλεξίῳ
493 1497 536 1536 γε
555 1478 970 1537 κομνηναγγελωνύμῳ
981 1492 989 1499 ’

322 1547 495 1597 πολλοὺς
513 1547 671 1603 ἀγῶνας
690 1548 962 1604 προυξένησαν
985 1548 1050 1588 καὶ
1067 1542 1219 1599 μάχας.

188 1617 299 1659 7790
323 1615 415 1671 ἄρτι
436 1616 477 1657 δ’
512 1614 864 1670 ἆλούσηςἸταλοῖς
882 1615 1125 1666 Βυζαντίὸος

320 1686 386 1726 καὶ
404 1687 475 1726 τοῦ
499 1683 591 1726 κατ’
615 1683 739 1737 αὐτὴν
761 1683 1056 1731 καταλυθέντος
1075 1678 1263 1738 κράτους,

320 1751 341 1794 ὃ
357 1750 550 1807 κυριεύων
567 1750 815 1808 Βουλγάρων
833 1749 1040 1804 Ἰωάννης,

319 1818 461 1870 σκαιός
479 1837 538 1870 τις
558 1819 658 1877 ἀνὴρ
674 1812 743 1862 καῖ’
759 1820 1000 1877 φιλαίματος
1017 1814 1136 1869 κύων,

315 1888 440 1940 Ἀζὰν
457 1889 619 1945 Πέτρου
639 1886 833 1942 σύναιμος
851 1887 906 1931 ὢν
925 1884 1172 1942 ἀλαστόρων,

184 1957 293 1999 7795
315 1957 357 1998 ἓν
375 1957 604 2013 Ἀὑριανοῧ
619 1957 816 2008 Λατίνοις
836 1954 1118 2011 σκηνουμένοις

399 2086 490 2121 7782
511 2082 745 2129 εἰργασμένος
766 2085 801 2119 V

183 2196 296 2240 mine,
328 2196 451 2242 (7770)
482 2208 606 2242 magna
630 2197 763 2233 devicit
795 2198 886 2244 apud
918 2198 1071 2234 Berroen
1104 2196 1223 2241 clade,
1260 2197 1312 2232 ita
1343 2201 1383 2231 ut
1413 2207 1488 2230 cum
1512 2200 1630 2231 cetera

182 2243 312 2286 praeda
334 2242 521 2288 diripuerit
541 2244 654 2278 crucis
682 2244 874 2279 dominicae
898 2249 1152 2279 sacrosanctum
1176 2243 1302 2287 lignum
1317 2269 1327 2286 ‚
1351 2243 1441 2288 qnod
1467 2247 1542 2276 erat
1564 2253 1629 2276 no-

182 2288 265 2323 stris
282 2288 424 2333 regibus
450 2289 486 2323 in
510 2289 650 2334 proeliis
667 2290 763 2323 ducis
784 2291 904 2334 instar,
918 2293 1036 2334 robur,
1060 2288 1230 2323 victoriae
1245 2301 1358 2323 omen.
1381 2289 1506 2331 (7775)
1527 2287 1629 2321 theca

181 2334 268 2378 fnit,
298 2334 416 2378 specie
441 2335 566 2368 eximia
599 2341 635 2368 et
653 2335 845 2379 ineffabili,
880 2348 965 2370 auro
989 2334 1200 2380 gemmisque
1224 2334 1368 2368 rutilans
1399 2332 1562 2378 pretiosis
1593 2337 1632 2366 et
1663 2356 1665 2358 -

181 2379 332 2413 laborati
355 2380 471 2424 operis
493 2380 653 2424 artificio,
676 2381 755 2414 sinu
778 2381 1006 2427 complectens
1029 2381 1261 2414 venerandum
1283 2380 1423 2423 lignum,
1447 2378 1541 2423 quod
1563 2378 1627 2412 do—

182 2425 293 2458 minus
315 2425 442 2459 suffixo
471 2425 640 2470 quondam
670 2437 816 2471 corpore
847 2428 969 2472 (7780)
1000 2426 1230 2460 sanctificavit
1253 2425 1418 2469 sanguine
1441 2424 1629 2469 perfusum.

180 2471 320 2505 inerant
342 2476 378 2505 et
402 2471 491 2505 aliae
515 2483 558 2506 ex
581 2477 727 2516 utroque
743 2471 852 2506 latere
874 2474 1021 2518 thecae2
1038 2473 1080 2506 ab
1095 2471 1237 2505 aurifice
1255 2475 1465 2515 per-venuste
1478 2469 1629 2512 effictae,

182 2521 368 2559 martyrum
387 2517 520 2551 Christi
542 2517 703 2562 reliquias
727 2523 924 2562 gestantes,
949 2518 1182 2562 deiparaeque
1201 2516 1347 2560 virginis
1370 2515 1424 2548 lac
1445 2513 1626 2549 sanctissi-

181 2573 271 2595 mum
300 2561 425 2606 (7785)
448 2574 522 2596 cum
547 2563 764 2597 venerandae
794 2563 936 2597 zonulae
958 2569 1133 2607 segmento
1156 2562 1320 2606 mirisque
1342 2560 1418 2594 aliis
1442 2561 1547 2594 rebus
1569 2570 1627 2592 re—

179 2606 422 2650 ligiosissimis.
470 2608 593 2642 Alexio
617 2619 752 2652 quoque
769 2608 871 2642 Isacii
894 2608 1106 2651 successori,
1147 2619 1258 2653 aeque
1281 2605 1464 2640 Comnenis
1486 2603 1628 2647 Angelis

180 2652 383 2698 progenito,
418 2653 603 2698 permultas
627 2652 769 2698 Bulgari
795 2665 926 2699 pugnas
951 2654 1161 2689 obtulerunt.
1209 2654 1331 2697 (7790)
1361 2663 1437 2685 mox
1459 2655 1628 2693 occupata

181 2697 338 2731 abvltalis
360 2698 532 2742 Byzantio
556 2699 697 2744 eiusque
719 2699 864 2744 imperio
889 2700 930 2733 ad
957 2699 1098 2733 nihilum
1123 2699 1283 2742 redacto,
1312 2701 1475 2740 regnator
1496 2694 1626 2739 Bulga-

180 2753 294 2777 rorum
306 2743 464 2787 Ioannes,
491 2745 590 2779 homo
615 2744 816 2778 inhumanus
841 2745 896 2778 vel
919 2750 1080 2779 cruentus
1104 2744 1211 2787 canis,
1233 2741 1532 2785 PetriAsanisque
1553 2741 1627 2773 fra-

180 2794 234 2823 ter
267 2788 572 2836 detestandorum,
613 2791 740 2836 (7795)
763 2790 906 2825 Latinos
939 2790 1137 2826 obsidentes
1168 2787 1449 2833 Hadrianopolim
1484 2796 1628 2831 eamque
