1786 3080
257 135 320 184 48
800 141 1148 186 EPHRAEMIUS

775 245 901 292 Ζήνων
925 245 1022 293 ὁμοῦ
1048 244 1110 291 ἔτη
1133 244 1188 290 ιζ’.

392 315 535 373 Ζήνων
556 317 597 360 δ’
621 315 796 375 ὗπῆρχεν
815 321 858 371 ἐξ
874 319 1086 378 Ἰσαύρων,
1122 319 1176 371 ὥς
1197 320 1309 379 ἴφην,

391 386 595 441 αἴσχιστος
615 385 714 443 ἀνὴρ
736 389 801 429 καὶ
825 387 947 443 δέμας
969 391 1035 432 καὶ
1058 390 1239 446 καρδιάν,

391 455 585 505 κίναιδος,
620 453 784 512 αἰσχρός
793 487 807 507 ,
842 455 1090 514 συμφόρημα
1113 459 1263 510 κακίας,

389 521 513 579 ἴργων
534 527 717 578 πονηρῶν
739 523 941 578 ἀθεμίτων
964 523 1145 582 ἐργάτης,

272 587 352 631 965
389 590 544 647 ἀνδρῶν
561 590 738 646 Ἐριννὺς
756 596 835 634 τῶν
854 593 1209 649 περιφανεστέρων,

385 658 458 712 οὗχ
482 656 535 707 ὥς
552 658 741 711 βασιλεὺς
761 659 904 702 διέπων
923 661 1154 717 αὗταρχίαν,

383 724 475 767 ἀλλ’
495 723 548 775 ὥς
566 723 755 783 τύραννος
771 727 976 785 ἓμπιπρῶν
994 727 1279 784 καταστρέφων

385 794 450 834 καὶ
474 791 603 835 πάντα
625 797 748 835 ποιῶν
773 797 827 845 εἷς
850 796 1016 853 φθορὰν
1039 793 1238 850 ῧπηκόων,

327 913 340 922 .
384 860 505 914 σε’βας
526 858 764 918 κακόφρων,
799 864 1030 920 οἲοφυσίτης
1049 862 1187 914 τάλας.

270 929 352 968 970
384 926 513 985 τούτῳ
532 945 574 983 γε
596 930 711 986 δειλῷ
730 928 939 973 παντάπαν
961 929 1152 989 πεφυκότι

384 997 646 1048 Βασιλίσκος,
682 994 873 1053 σύναιμος
893 997 947 1041 ὢν
963 1003 1035 1054 τῆς
1055 1000 1241 1055 Βηρίνης,

385 1064 529 1120 ἀντῆρε
547 1070 664 1119 χεῖρα
686 1067 862 1122 Βηρίνης
885 1067 1083 1126 συνεργίᾳ,

382 1135 449 1173 καὶ
468 1130 578 1174 τόνδ>
598 1130 865 1188 ἐφυγάδευσεν
884 1136 939 1184 εἷς
956 1134 1029 1189 τὴν
1046 1133 1244 1190 πατρίδα·

383 1198 466 1241 εἶτα
485 1200 733 1255 περιτίθησιν
753 1199 863 1259 αὖτῷ
881 1202 926 1244 τὸ
945 1201 1091 1259 στέφος

267 1267 348 1309 975
383 1269 449 1309 καὶ
469 1265 597 1309 πάντα
615 1265 837 1323 παράσημα
855 1273 927 1323 τῆς
948 1268 1205 1326 κραταρχίας,

378 1338 450 1389 τῆς
473 1339 709 1389 συγχυτικῆς
727 1338 962 1386 κακοδοξίας
979 1337 1122 1386 πέλων,

378 1407 451 1457 τῆς
473 1402 677 1456 Εὗτυχοῦς
694 1420 736 1445 τε
753 1405 820 1445 καὶ
837 1403 1067 1461 Διοσκόρου
1087 1399 1229 1454 λύμης.

378 1471 584 1524 ἐκκλησίας
604 1464 721 1520 οὗτός
739 1487 782 1525 γε
801 1471 875 1520 τὰς
896 1467 1162 1527 ὃρθοφρόνων

377 1542 528 1593 πικρῶς
551 1535 692 1578 ἐκάκου
715 1539 989 1587 παντοδαπαῖς
1012 1538 1172 1584 αῗκίαις.

261 1606 342 1647 980
377 1606 443 1646 καὶ
462 1602 630 1646 σύνοδον
650 1604 691 1645 δὲ
709 1605 781 1658 τὴν
801 1605 906 1647 κατὰ
923 1601 1170 1657 Χαλκηδόνα

375 1671 520 1725 σεπτὴν
544 1671 691 1726 ἀκυροῖ
704 1669 956 1727 γράμμασιν,
990 1670 1045 1721 ὥς
1064 1670 1136 1712 οὐκ
1155 1667 1247 1710 ἔδει.

376 1741 443 1781 καὶ
462 1737 709 1794 πατριάρχην
726 1741 791 1780 καὶ
809 1740 1022 1796 συνέδρους
1038 1736 1228 1791 ποιμένας

377 1811 503 1849 ταῦτα
527 1811 671 1861 κυροῦν
691 1805 825 1849 ἔπειθε
845 1810 911 1850 καὶ
929 1807 1057 1850 τοῖσδ’
1079 1804 1271 1859 ἐμμένειν-

378 1874 469 1915 ‘im’
494 1872 726 1929 ὀρθοδόξων
745 1875 1108 1931 συναθροισθέντες
1125 1877 1266 1926 στῖφος

263 1943 344 1985 985
379 1943 620 1984 Βασιλίσκον
635 1939 832 1995 βάλλουσι
851 1948 938 1993 ταῖς
956 1941 1214 1999 δυσφημίαις,

774 2112 873 2147 Zeno
895 2113 1000 2146 simul
1025 2123 1086 2146 an.
1111 2113 1167 2148 17.

332 2179 429 2214 Zeno
451 2182 526 2214 erat
547 2179 707 2224 Isauras,
737 2184 776 2214 ut
799 2179 890 2222 dixi,
919 2190 1068 2222 genere,
1100 2178 1319 2213 foedissimus
1341 2175 1494 2211 mortalis
1517 2179 1552 2211 et
1574 2179 1705 2210 mente-

241 2229 277 2259 et
299 2236 464 2270 corpore,
488 2225 670 2269 cinaedus,
695 2224 827 2270 turpis,
851 2224 999 2258 malitiae
1020 2224 1140 2258 cinnas
1164 2228 1200 2258 et
1222 2224 1445 2258 nefandorum
1465 2232 1605 2267 operum
1623 2233 1689 2266 pa-

239 2275 372 2314 trator,
402 2271 506 2315 (965)
527 2270 660 2305 furialis
682 2270 852 2304 hominum
877 2269 984 2314 pestis
1008 2269 1242 2313 optimatium,
1266 2269 1356 2302 haud
1379 2267 1477 2311 regio
1501 2278 1594 2301 more
1615 2277 1690 2300 rem

239 2315 411 2359 publicam
432 2328 576 2361 regens,
599 2316 661 2350 sed
682 2315 863 2359 tyrannice
887 2319 1009 2348 cuncta
1027 2315 1238 2348 inflammans
1254 2315 1440 2357 subruens,
1465 2323 1590 2357 resque
1604 2312 1688 2345 sub—

241 2360 391 2395 ditorum
414 2372 477 2406 pro
501 2361 632 2396 viribus
653 2360 894 2407 pessumdanS,
919 2360 1078 2403 dogmate
1103 2371 1253 2404 pravus,
1286 2358 1546 2404 monophysites
1568 2356 1688 2394 miser.

240 2406 345 2448 (970)
378 2406 468 2442 hunc
491 2419 565 2442 cum
588 2406 725 2440 videret
746 2415 993 2450 usquequaque
1017 2404 1191 2448 timidum,
1223 2404 1374 2439 Verinae
1396 2403 1582 2438 Basiliscus
1605 2410 1687 2446 ger-

240 2461 358 2483 manus
387 2452 517 2497 frater,
552 2452 654 2486 armis
678 2451 897 2496 aggreditur,
932 2449 1062 2484 Verina
1084 2451 1219 2483 ferente
1241 2461 1353 2495 opem.
1400 2454 1503 2493 atque
1525 2448 1619 2482 illum
1643 2446 1688 2481 ad

239 2495 386 2539 patriam
410 2508 502 2531 suam
525 2498 658 2543 pulsum
679 2497 806 2537 trudit3
830 2495 955 2529 deinde
975 2495 1044 2528 sibi
1067 2495 1224 2529 diadema
1245 2507 1317 2529 cum
1341 2494 1483 2539 reliquis
1506 2493 1610 2537 (975)
1630 2493 1686 2526 in·

237 2540 393 2583 signibus
425 2542 562 2587 imperii
591 2541 829 2586 circumponit.
877 2541 940 2574 sed
962 2540 1049 2574 enim
1074 2540 1130 2574 hic
1153 2541 1316 2574 confusae
1339 2545 1481 2574 naturae
1503 2537 1686 2581 haeresim,

237 2585 447 2629 Eutychetis
471 2592 507 2620 et
529 2587 688 2622 Dioscori
710 2587 930 2629 fermentum,
956 2597 1104 2630 sequens
1124 2586 1388 2620 orthodoxorum
1406 2583 1568 2619 ecclesias
1584 2593 1683 2616 acer—

237 2629 294 2663 bis
329 2630 438 2664 modis
471 2632 629 2678 omnique
660 2643 844 2677 poenarum
876 2642 1004 2675 genere
1037 2630 1268 2665 excruciabat.
1316 2631 1419 2675 (980)
1455 2627 1683 2663 Chalcedonis

238 2675 466 2708 venerandam
491 2687 627 2722 quoque
652 2678 818 2722 synodum
843 2676 1039 2720 antiquavit
1063 2676 1176 2710 edicto
1201 2681 1318 2710 contra
1341 2677 1395 2710 fas
1420 2673 1621 2720 proposit03
1648 2675 1685 2706 et

238 2719 469 2764 patriarcham
502 2733 577 2756 cum
608 2723 767 2766 synedris
799 2722 994 2767 pastoribus
1026 2721 1070 2754 ad
1103 2722 1367 2755 confirmandum
1398 2719 1532 2764 impulit
1561 2719 1684 2762 dogma

239 2775 348 2801 suum.
384 2765 446 2799 sed
470 2766 557 2800 enim
581 2768 765 2802 orthodoxi
787 2771 906 2802 coacto
929 2770 1030 2801 coetu
1052 2767 1155 2811 (985)
1178 2766 1381 2802 Basiliscum
1397 2763 1586 2800 maledictis
1601 2773 1683 2809 per-
