1786 3080
247 136 346 182 300
801 141 1126 188 EPHRAEMIU
1127 144 1156 187 S

244 250 358 295 7400
383 252 530 307 ζωγρεῖ
545 269 585 295 τε
606 253 674 295 καὶ
697 257 814 312 σφῶν
834 252 1015 313 κράτορα
1037 251 1302 310 Βαλδουῗνον,

379 324 566 374 κομῶντα
588 325 756 373 πολλαῖς
776 323 928 381 ἀρετῶν
945 327 1117 375 νεανίαν,

377 387 556 443 μάλιστα
572 395 713 433 πασῶν
731 391 975 450 σωφροσύνῃ
995 396 1061 436 καὶ
1082 395 1187 452 δι’κῃ,

379 455 435 508 ὡς
455 458 574 514 φθὰς
592 459 882 517 προϊστόρησεν
902 461 1044 504 ἀνόπιν
1063 461 1194 518 λόγος.

376 525 498 583 ὅνπερ
520 529 740 584 καθείρξας
758 530 917 587 μακρὸν
935 531 978 572 ἓν
997 535 1055 589 τῷ
1077 530 1267 589 Τρινόβῳ

241 595 351 638 7405
377 592 534 652 δράσας
550 613 592 638 τε
613 597 722 639 δεινὰ
737 600 865 655 μυριά
882 599 1154 656 κακοτρόπως,

376 665 502 721 πέρας
520 666 805 719 καθυπέβαλεν
823 669 970 725 οἳκτρῷ
984 666 1152 727 θανάτῳ

374 733 469 776 κατ’
496 731 699 786 ἠλιβάτων
717 737 1044 792 κατακρημνίσας
1063 735 1210 780 τόπων.

457 802 583 844 Μεθ’
610 801 655 844 ὃν
676 811 902 860 κραταρχεῖ
914 806 1111 847 Λατίνων
1132 810 1212 847 τῶν
1229 806 1271 847 ἓν
1289 804 1401 848 πόλει

371 873 511 924 ἔελῆσιν
527 870 674 927 Ἔρρῆς
683 903 697 923 ,
731 870 927 928 σύναιμος
947 873 1003 916 ὢν
1022 876 1290 925 Βαλδουῖνου,

237 938 347 979 7410
371 938 472 994 ἀνὴρ
494 937 653 995 ἱλαρός,
683 938 850 994 εὐμενὴς
868 938 1074 995 ὑπηκόοις,

371 1006 473 1063 πρὸς
494 1007 537 1049 δὲ
559 1007 783 1064 στρατηγὸς
803 1008 998 1063 εὖσθενὴς
1019 1010 1250 1063 τολμητίας,

374 1072 598 1131 ὀξύρροπός
616 1093 658 1118 τε
677 1076 780 1133 πρὸς
797 1075 934 1131 μάχας
953 1076 1180 1120 ἀντιπάλων

373 1145 439 1185 καὶ
462 1143 712 1200 στρατιώτας
731 1143 926 1201 γεννάδας
944 1145 1191 1203 ῥωμαλέους,

362 1210 559 1266 ’Έλληνας
577 1212 748 1269 ἄνδρας,
782 1214 1119 1270 συντεταγμένους
1136 1214 1257 1271 ἄγων,

236 1280 345 1324 7415
371 1281 574 1323 ἓπίλεκτον
595 1280 783 1338 φάλαγγα
803 1284 870 1324 καὶ
890 1282 1121 1339 νικηφόρον.

371 1343 489 1399 οὗτος
506 1348 643 1405 μάχης
662 1350 788 1401 αἶ’τιος
807 1350 924 1408 ἔφθη
946 1350 1140 1401 πολλάκις

367 1422 449 1460 τῶν
471 1417 672 1461 Αὐσόνων
693 1418 832 1462 ἄνακτι
850 1424 907 1478 τῷ
926 1421 1174 1478 Λασκαρίῳ,

368 1488 436 1528 καὶ
459 1491 577 1544 σφῶν
595 1486 873 1545 παρεστήσατο
889 1487 1037 1545 χώρας
1049 1490 1117 1530 καὶ
1137 1487 1271 1538 πόλεις

368 1553 517 1609 πλήθει
537 1561 729 1613 στρατιᾶς
747 1559 812 1598 καὶ
830 1561 968 1612 ψυχῆς
987 1558 1213 1615 προθυμίᾳ,

233 1622 344 1667 7420
366 1622 576 1665 Λεντιανά
597 1641 639 1666 τε
659 1625 923 1679 Ποιμανηνὸν
941 1625 1014 1674 τὰς
1032 1623 1166 1674 πόλεις

366 1693 433 1734 καὶ
456 1692 530 1742 τὰς
545 1692 722 1748 Ὀχυράς
741 1690 1063 1749 καταπορθήσας
1082 1691 1193 1748 μάχῃ
1206 1705 1218 1716 ·

364 1760 467 1802 καθ’
493 1759 543 1814 ἢν
565 1761 681 1816 τριὰς
702 1759 851 1803 ὄλωλεν
872 1760 1031 1817 ἀνδρῶν
1054 1766 1112 1818 τῷ
1132 1761 1237 1817 ξίφει

364 1833 612 1884 πανευγενῶν
630 1846 671 1871 τε
693 1830 759 1871 καὶ
781 1827 1007 1886 περιόπτων
1022 1830 1116 1887 βίῳ,

365 1897 649 1953 Δερμοκα”ι’·της
667 1895 827 1953 ἡγεμὼν
849 1896 1174 1955 στρατευμάτων,

230 1963 340 2006 7425
365 1963 660 2021 Παλαιολόγων
678 1965 930 2024 Ἀνδρόνικος
949 1967 992 2008 ἐκ
1012 1966 1161 2021 γένους,

363 2034 546 2091 γαμβρὸς
563 2039 807 2092 κρατοῦντος
825 2037 881 2085 εἷς
898 2033 1074 2092 Εἰρήνην
1093 2031 1300 2090 τυγχάνων

228 2210 415 2244 Caesarem
437 2209 618 2255 permultis
639 2209 798 2245 iuvenem
823 2214 981 2245 ornatum
1003 2209 1214 2254 virtutibus,
1245 2211 1308 2245 sed
1331 2209 1534 2245 castimonia
1552 2208 1588 2243 in
1611 2208 1688 2254 pri·

228 2256 292 2289 mis
326 2268 367 2290 ac
400 2255 556 2300 iustitia,
588 2262 628 2290 ut
662 2267 737 2291 mea
767 2257 929 2301 superior
957 2256 1094 2291 rettulit
1116 2255 1274 2290 historia.
1322 2267 1422 2301 quem
1445 2255 1505 2290 diu
1526 2254 1686 2294 'l'ernobi

227 2313 368 2336 carcere
391 2302 566 2336 detentum
591 2301 717 2346 (7405)
736 2303 993 2347 exercitumque
1016 2301 1171 2347 plurimis
1193 2301 1402 2337 cruciatibus
1421 2301 1558 2336 tandem
1579 2300 1685 2335 mise-

227 2348 336 2381 rando
359 2347 531 2392 supplicio
554 2347 673 2382 affecit
694 2348 960 2393 praecipitatum
984 2348 1128 2394 rupibus
1149 2347 1340 2382 altissimis.

319 2394 406 2427 Post
429 2394 519 2427 hunc
541 2393 678 2427 Latinis
701 2393 850 2438 imperat
873 2394 1038 2438 Byzantii
1060 2393 1221 2427 Balduini
1244 2394 1355 2428 frater
1372 2390 1510 2427 nomine
1523 2390 1684 2435 Enicas,

228 2438 351 2483 (7410)
377 2439 433 2473 vir
455 2439 543 2473 comi
566 2439 745 2484 adspectu,
769 2439 918 2474 subditis
936 2439 1129 2483 benivolus,
1154 2444 1189 2473 et
1209 2439 1310 2473 simul
1331 2439 1432 2473 fortis
1456 2439 1526 2472 dux
1549 2442 1585 2471 et
1606 2435 1684 2471 ani-

225 2496 341 2518 mosus
365 2490 471 2530 atque
493 2485 536 2519 ad
560 2485 700 2519 ciendas
723 2496 855 2529 pugnas
880 2485 1132 2530 paratissimus.
1157 2485 1214 2518 hic
1235 2485 1357 2520 habuit
1378 2485 1535 2518 Graecos
1558 2481 1684 2516 milites

225 2530 456 2575 fortissimos,
495 2543 583 2576 quos
613 2532 703 2566 bene
731 2530 903 2565 instructo
928 2531 1065 2576 agmine
1087 2531 1257 2574 ducebat,
1295 2530 1418 2574 (7415)
1443 2526 1683 2573 triumphalem

225 2575 429 2622 phalangem
465 2581 500 2611 et
529 2576 706 2611 selectam.
752 2576 843 2610 idem
872 2589 979 2622 saepe
1002 2588 1142 2621 gravem
1166 2576 1249 2611 belli
1270 2576 1354 2610 lusit
1376 2575 1484 2609 aleam
1510 2585 1585 2607 cum
1608 2573 1682 2606 Ro-

226 2633 402 2655 manorum
424 2622 584 2667 principe
607 2622 800 2665 Lascareo,
825 2628 1028 2667 nostrasque
1051 2623 1155 2656 urbes
1179 2623 1275 2667 cepit
1297 2627 1333 2655 et
1357 2619 1554 2667 provincias
1576 2617 1682 2652 animi

226 2667 432 2701 fortitudine
464 2674 501 2702 et
534 2667 637 2713 copia
663 2667 820 2701 militum.
866 2668 992 2711 (7420)
1016 2667 1190 2702 Lentiana
1211 2669 1329 2702 urbem
1352 2679 1394 2701 ac
1417 2666 1680 2707 Poemanenum,

226 2713 388 2756 Ochyras
419 2722 557 2758 quoque
580 2713 684 2748 armis
706 2712 903 2758 superavit3
937 2713 1063 2757 quibus
1085 2713 1122 2747 in
1145 2713 1390 2747 certaminibus
1410 2716 1481 2745 tres
1505 2709 1684 2754 perierunt

226 2758 410 2793 nobilitate
434 2763 470 2792 et
493 2759 617 2804 opibus
639 2758 794 2803 insignes
817 2759 908 2800 viri,
940 2759 1195 2804 Dermocaites,
1226 2758 1286 2803 qui
1307 2759 1377 2792 dux
1398 2759 1473 2790 erat
1496 2755 1682 2797 exercitus,

226 2804 353 2849 (7425)
376 2809 413 2839 et
434 2804 651 2839 Andronicus
674 2811 779 2850 gente
801 2803 1049 2850 Palaeologus,
1073 2804 1129 2839 cui
1152 2804 1275 2850 nuptui
1294 2804 1426 2838 Caesar
1448 2801 1584 2837 Irenem
1607 2806 1681 2835 tra-
