1786 3080
234 139 327 187 190
771 145 1102 192 'EPHRAEMIU
1102 147 1134 191 S

444 257 527 299 Καὶ
549 259 679 300 ταῦτα
696 257 770 312 μὲν
789 258 993 315 πέπρακτο
1012 258 1127 303 τόνδε
1146 259 1217 302 τὸν
1234 256 1409 318 τρόπον·

365 320 385 365 ὃ
412 324 454 365 δ’
481 324 766 383 αὐτοκράτωρ,
800 325 856 378 ὥς
875 327 997 385 ἔφην,
1030 328 1264 383 ἠπειγμένος

359 391 467 443 ἴλαις
486 398 691 436 συνελθεῖν
713 401 802 446 ταῖς
821 397 1183 453 προηγησαμὲναις,

224 458 336 503 4530
363 460 561 518 Τούρκοις
579 465 741 519 πορείας
762 464 931 521 εἴργεται
950 469 1022 519 τῆς
1043 467 1098 515 εἷς
1115 462 1269 520 πρόσω,

360 530 476 572 οὐδὲν
498 532 541 572 δὲ
560 538 672 584 μεῖον
694 534 761 574 καὶ
781 536 973 583 κολωνοῖς
990 531 1229 588 πτωμάτων.

359 597 471 652 ὅμως
491 599 664 642 διελθὼν
683 599 911 657 δυσπόρους
927 600 1046 656 μόλις
1063 599 1212 652 τόπους

359 668 428 708 καὶ
451 667 520 709 τὸν
541 669 822 724 παραρρέοντα
836 668 1060 727 χειμάρρου
1078 668 1186 727 ῥόον,

357 736 424 776 καὶ
450 742 592 793 στῖφος
612 736 711 778 ἄλλο
730 735 952 791 Ῥωμαϊκὸν
974 736 1131 791 ἁλίσας,

221 799 331 844 4535
358 801 413 853 ὡς
434 802 511 858 εἶχε
523 836 535 854 ,
568 803 723 859 διήνυτε
745 805 818 860 τὴν
838 806 1112 863 προκειμένην.

356 870 402 912 ὃν
424 871 621 928 παριόντα
642 873 875 930 βαρβαρική
896 892 956 925 τις
976 873 1152 931 φάλαγξ,

354 941 491 990 ἵπποις
510 939 720 995 ὁπλισμοῖς
738 942 934 998 ἐκπρεπὴς
945 943 1188 998 Ἀρραβιόις,

357 1009 493 1050 ἴδόῦσ’
518 1009 582 1051 ἐπ’
607 1010 730 1052 αὐτὸν
751 1011 938 1064 ἓμμανῶς
956 1028 1041 1060 πως
1059 1011 1234 1060 συνέθει,

356 1074 411 1126 ὡς
434 1075 610 1133 θήραμα
629 1076 858 1121 σπεύδουσα
877 1077 989 1121 τόνδ’
1015 1078 1117 1121 ἑλεῖν
1138 1077 1257 1132 τάχα.

218 1142 330 1187 4540
354 1142 374 1186 ὃ
397 1145 439 1186 δ’
462 1145 693 1201 ἀρρενώσας
710 1152 789 1189 τῶν
807 1146 1006 1190 συνόντων
1023 1147 1096 1198 τὰς
1115 1147 1264 1204 φρένας

352 1211 576 1264 ὁδοστάτας
594 1213 739 1268 ἥττησε
758 1214 887 1274 ῥᾷστα
904 1213 1156 1272 βαρβάρους.

353 1282 456 1323 κατὰ
479 1282 613 1338 βραχὺ
638 1283 679 1324 δὲ
701 1284 934 1339 συμπροῖὼν
954 1285 1020 1325 καὶ
1042 1281 1189 1337 βάδην,

352 1355 423 1391 νῦν
438 1351 511 1403 μὲν
530 1349 640 1407 νόμῳ
658 1349 793 1405 μάχης
812 1369 853 1394 τε
873 1353 939 1393 καὶ
957 1351 1058 1406 μεθ’
1079 1350 1275 1405 αἱμάτων,

353 1419 511 1472 ἐνιαχοῦ
532 1419 577 1460 δὲ
598 1421 664 1461 καὶ
687 1418 821 1474 μάχης
843 1419 963 1461 πάλιν
986 1421 1092 1473 δίχα,

214 1484 325 1529 4545
349 1485 613 1540 τρισάσμενος
632 1487 799 1541 μέμικτο
819 1494 904 1537 τοῖς
925 1486 1205 1541 ποθουμίνοις,

349 1555 397 1595 οὐ
417 1558 573 1608 μᾶλλον
594 1553 726 1597 αὑτῶν
749 1556 1052 1612 δυσχεραίνουσι
1068 1553 1189 1610 χάριν

349 1621 449 1677 ἤπερ
469 1622 525 1664 δι’
548 1622 670 1664 αὐτὸν
686 1622 743 1676 μὴ
764 1621 943 1679 παρόντα
960 1630 1048 1672 ταῖς
1067 1622 1175 1671 ἴλαις

347 1690 546 1746 ἃγωνιῶσι
570 1692 636 1732 καὶ
662 1689 859 1733 δεδοικόσι
882 1688 1059 1747 σφόδρα.

430 1757 576 1812 Μήπω
601 1758 644 1800 δὲ
666 1765 750 1809 τοῖς
769 1757 944 1814 τάγμασι
965 1760 1168 1812 συμμιξας
1189 1753 1366 1813 κράτωρ,

214 1823 326 1868 4550
350 1825 444 1867 ἀλλ’
467 1827 508 1868 ἓν
527 1827 795 1884 παραρρέοντι
806 1825 1017 1885 χειμάρρῳ
1034 1827 1179 1876 πίλων,

348 1900 450 1936 πιεῖν
468 1894 580 1950 ὕδωρ
601 1894 746 1951 ᾔτησε,
777 1893 959 1949 διψήσας
977 1894 1102 1950 μέγα·

347 1964 420 2005 καί
437 1980 497 2013 τις
516 1962 627 2020 ὕδωρ
647 1962 804 2019 ἤνεγκεν
824 1964 934 2020 αὐτῷ
952 1963 1055 2019 πρὸς
1074 1960 1206 2004 πόσιν.

346 2029 507 2081 σπάσας
531 2032 574 2073 δὲ
594 2033 711 2074 τοῦδε
729 2033 795 2073 καὶ
813 2029 1054 2088 περικλύσας
1074 2030 1207 2085 στόμα

301 2159 416 2206 Atque
446 2159 535 2194 haec
563 2160 667 2194 talem
700 2160 897 2195 habuerunt
921 2160 1063 2195 exitum.
1109 2159 1299 2204 imperator
1321 2162 1436 2194 autem
1461 2158 1540 2194 dum
1564 2171 1670 2194 cona-

209 2212 268 2241 tnr
290 2206 431 2251 assequi
453 2206 607 2251 legiones
630 2217 724 2250 suas,
750 2212 788 2239 ut
809 2206 896 2250 dixi,
920 2205 1194 2252 praecedentes,
1227 2205 1350 2248 (4530)
1373 2216 1395 2238 a
1417 2205 1547 2239 Turcis
1568 2211 1671 2239 veta-

209 2254 313 2287 batur
337 2252 484 2286 ulterius
531 2252 691 2296 rogi-edi,
727 2262 791 2285 nec
814 2252 988 2285 acervatis
1011 2252 1122 2285 minus
1145 2250 1388 2284 cadaveribus.
1434 2256 1549 2285 tamen
1572 2251 1670 2285 diffi-

209 2297 293 2332 ciles
315 2297 486 2332 eluctatus
521 2309 624 2342 ocos,
656 2308 722 2330 nec
744 2308 813 2330 non
835 2303 993 2331 torrente
1013 2301 1178 2340 superato
1201 2295 1331 2337 fluvio,
1355 2295 1423 2330 alio
1446 2302 1482 2331 et
1504 2296 1669 2332 adiuncto

209 2344 441 2377 Romanorum
482 2342 608 2386 globo,
653 2342 779 2386 (4535)
817 2343 928 2385 viam,
970 2347 1010 2376 ut
1046 2347 1204 2386 poterat,
1246 2341 1450 2376 absolvebat
1485 2342 1669 2386 reliquam.

210 2401 310 2433 quem
334 2394 569 2423 transeuntem
591 2387 791 2433 conspicata
814 2387 963 2432 phalanx
985 2387 1136 2421 Arabum
1159 2386 1330 2431 equitum,
1360 2386 1541 2432 splendide
1563 2398 1669 2421 orna-

209 2439 341 2477 torum,
375 2435 447 2468 ruit
476 2434 512 2468 in
544 2434 656 2478 ipsum
691 2432 843 2467 violento
875 2444 979 2467 cursu
1012 2440 1052 2466 ut
1083 2433 1184 2477 quasi
1217 2432 1345 2476 praeda
1377 2432 1549 2477 potiretur
1572 2432 1668 2468 ilico.

209 2479 334 2522 (4540)
364 2480 395 2513 is
425 2491 510 2514 vero
534 2480 692 2513 hortatus
715 2478 846 2512 animos
870 2489 1007 2512 suorum
1030 2478 1248 2512 barbaricum
1273 2478 1481 2522 manipulum
1503 2477 1590 2511 vicit
1611 2478 1669 2511 fa-

209 2524 289 2558 cile.
337 2525 501 2569 paulatim
523 2531 637 2559 autem
661 2524 824 2568 lenteque
846 2524 1087 2569 progrediens,
1113 2525 1213 2558 modo
1239 2529 1381 2558 cruenta
1403 2534 1521 2568 pugna
1543 2523 1669 2557 decer-

208 2575 309 2613 tans,
344 2571 443 2604 modo
466 2570 567 2605 etiam
590 2571 690 2604 hoste
713 2569 823 2612 liber,
858 2571 902 2603 ad
926 2575 1113 2603 extremum
1142 2568 1266 2611 (4545)
1291 2581 1414 2613 magno
1439 2580 1514 2603 cum
1537 2567 1667 2613 gaudio

208 2615 252 2649 ad
286 2626 367 2648 suos
400 2616 581 2661 pervenit,
616 2615 676 2660 qui
699 2614 837 2660 quidem
860 2614 947 2648 nihil
970 2615 1113 2659 gravius
1135 2614 1319 2657 dolebant,
1352 2625 1453 2659 quam
1475 2613 1569 2658 quod
1589 2623 1667 2648 cum

207 2659 294 2705 ipsis
318 2672 386 2694 non
409 2662 549 2695 adesset
573 2661 722 2704 Caesar,
746 2671 944 2704 summoque
968 2666 1067 2694 erant
1089 2666 1181 2694 metu
1204 2659 1357 2694 solliciti.

297 2706 492 2750 Antequam
523 2712 636 2741 autern
666 2706 868 2740 misceretur
891 2706 963 2738 suis
987 2706 1108 2749 (4550)
1132 2705 1291 2748 Manuel,
1322 2704 1419 2738 rivos
1441 2703 1666 2738 decurrente·

207 2754 329 2784 nactus
361 2762 451 2796 aqua
471 2752 591 2787 levare
614 2751 820 2796 depoposcit
845 2750 960 2792 sitim
996 2762 1141 2794 cumque
1166 2751 1199 2784 ei
1222 2750 1393 2795 quispiam
1417 2760 1541 2792 aquam
1562 2749 1665 2782 obtu-

206 2795 324 2842 lisset,
351 2797 418 2832 hac
440 2797 580 2832 summis
602 2797 710 2833 labris
729 2796 859 2832 leviter
881 2802 1042 2841 gustata,
1067 2797 1184 2831 statim
1208 2808 1252 2831 ex
1275 2807 1336 2831 ore
1357 2794 1526 2840 reliquam
1545 2792 1665 2840 proie-

1774 2423 1786 2479 ἐξ

1760 2566 1762 2569 ’
1775 2573 1786 2608 i.
