<?xml version="1.0" encoding="UTF-8"?>
<!DOCTYPE html PUBLIC "-//W3C//DTD XHTML 1.0 Transitional//EN"
    "http://www.w3.org/TR/xhtml1/DTD/xhtml1-transitional.dtd">
<html xmlns="http://www.w3.org/1999/xhtml" xml:lang="en" lang="en">
 <head>
  <title>
</title>
<meta http-equiv="Content-Type" content="text/html;charset=utf-8" />
  <meta name='ocr-system' content='tesseract 3.04.00' />
  <meta name='ocr-capabilities' content='ocr_page ocr_carea ocr_par ocr_line ocrx_word'/>
</head>
<body>
  <div class='ocr_page' id='page_1' title='image "./corpusscriptorum12niebuoft/corpusscriptorum12niebuoft_0400.png"; bbox 0 0 1786 3080; ppageno 0'>
   <div class='ocr_carea' id='block_1_1' title="bbox 233 151 1132 197">
    <p class='ocr_par' dir='ltr' id='par_1_1' title="bbox 233 151 1132 197">
     <span class='ocr_line' id='line_1_1' title="bbox 233 151 1132 197; baseline 0.001 -2"><span class='ocrx_word' id='word_1_1' title='bbox 233 151 329 197; x_wconf 84' lang='lat'><strong>390</strong></span> <span class='ocrx_word' id='word_1_2' title='bbox 777 151 1132 196; x_wconf 86' lang='lat' dir='ltr'><strong>EPHRAEMIUS</strong></span> 
     </span>
    </p>
   </div>
   <div class='ocr_carea' id='block_1_2' title="bbox 231 261 1388 1952">
    <p class='ocr_par' dir='ltr' id='par_1_2' title="bbox 231 261 1388 1952">
     <span class='ocr_line' id='line_1_2' title="bbox 367 261 1128 320; baseline -0.003 -12"><span class='ocrx_word' id='word_1_3' title='bbox 367 268 498 314; x_wconf 86' lang='grc' dir='ltr'><strong><em>καλῶς</em></strong></span> <span class='ocrx_word' id='word_1_4' title='bbox 518 261 684 307; x_wconf 78' lang='grc' dir='ltr'><strong><em>ἇλισθέν</em></strong></span> <span class='ocrx_word' id='word_1_5' title='bbox 704 264 746 307; x_wconf 83' lang='grc' dir='ltr'><strong>ἔν</strong></span> <span class='ocrx_word' id='word_1_6' title='bbox 763 262 875 308; x_wconf 85' lang='grc' dir='ltr'><strong><em>πόλει</em></strong></span> <span class='ocrx_word' id='word_1_7' title='bbox 893 261 1128 320; x_wconf 76' lang='grc' dir='ltr'><em>Χαλκηδόνι</em></span> 
     </span>
     <span class='ocr_line' id='line_1_3' title="bbox 365 330 1053 389; baseline -0.001 -13"><span class='ocrx_word' id='word_1_8' title='bbox 365 330 576 389; x_wconf 84' lang='grc' dir='ltr'><strong><em>ἀλλότριον</em></strong></span> <span class='ocrx_word' id='word_1_9' title='bbox 594 333 732 388; x_wconf 85' lang='grc' dir='ltr'><strong><em>τίθησι</em></strong></span> <span class='ocrx_word' id='word_1_10' title='bbox 754 338 825 387; x_wconf 83' lang='grc' dir='ltr'><strong>τῆς</strong></span> <span class='ocrx_word' id='word_1_11' title='bbox 845 334 1053 388; x_wconf 71' lang='grc' dir='ltr'><strong><em>ἐκκλησίας</em></strong></span> 
     </span>
     <span class='ocr_line' id='line_1_4' title="bbox 366 399 1112 458; baseline -0.003 -14"><span class='ocrx_word' id='word_1_12' title='bbox 366 399 592 457; x_wconf 86' lang='grc' dir='ltr'><strong><em>Διόσκορον</em></strong></span> <span class='ocrx_word' id='word_1_13' title='bbox 612 399 806 456; x_wconf 72' lang='grc' dir='ltr'><strong><em>δύστηνον</em></strong></span> <span class='ocrx_word' id='word_1_14' title='bbox 816 401 1112 458; x_wconf 75' lang='grc' dir='ltr'><strong>Ἀλεξανδρείας</strong></span> 
     </span>
     <span class='ocr_line' id='line_1_5' title="bbox 231 465 1218 526; baseline -0.006 -10"><span class='ocrx_word' id='word_1_15' title='bbox 231 474 343 516; x_wconf 86' lang='grc'>9730</span> <span class='ocrx_word' id='word_1_16' title='bbox 367 469 442 526; x_wconf 76' lang='grc' dir='ltr'><strong>ἅμ’</strong></span> <span class='ocrx_word' id='word_1_17' title='bbox 467 470 642 523; x_wconf 83' lang='grc' dir='ltr'><strong><em>Εὖτυχεῒ</em></strong></span> <span class='ocrx_word' id='word_1_18' title='bbox 659 486 699 512; x_wconf 86' lang='grc' dir='ltr'><strong>τε</strong></span> <span class='ocrx_word' id='word_1_19' title='bbox 721 471 788 511; x_wconf 83' lang='grc' dir='ltr'><strong>καὶ</strong></span> <span class='ocrx_word' id='word_1_20' title='bbox 809 469 945 526; x_wconf 88' lang='grc' dir='ltr'><strong><em>σφίσιν</em></strong></span> <span class='ocrx_word' id='word_1_21' title='bbox 967 465 1218 526; x_wconf 78' lang='grc' dir='ltr'><strong><em>ὁμοτρόποις.</em></strong></span> 
     </span>
     <span class='ocr_line' id='line_1_6' title="bbox 433 534 1215 594; baseline -0.003 -15"><span class='ocrx_word' id='word_1_22' title='bbox 433 536 597 579; x_wconf 85' lang='grc' dir='ltr'><strong><em>’Έπειτα</em></strong></span> <span class='ocrx_word' id='word_1_23' title='bbox 620 539 661 579; x_wconf 94' lang='grc' dir='ltr'><strong>Γ</strong></span> <span class='ocrx_word' id='word_1_24' title='bbox 657 535 833 587; x_wconf 81' lang='grc' dir='ltr'><strong><em>εννάδιος</em></strong></span> <span class='ocrx_word' id='word_1_25' title='bbox 841 569 854 589; x_wconf 89' lang='grc'><strong><em>,</em></strong></span> <span class='ocrx_word' id='word_1_26' title='bbox 889 537 989 594; x_wconf 79' lang='grc' dir='ltr'><strong><em>ἀνὴρ</em></strong></span> <span class='ocrx_word' id='word_1_27' title='bbox 1011 534 1215 594; x_wconf 75' lang='grc' dir='ltr'><strong><em>γεννάδας,</em></strong></span> 
     </span>
     <span class='ocr_line' id='line_1_7' title="bbox 365 603 1216 660; baseline -0.005 -11"><span class='ocrx_word' id='word_1_28' title='bbox 365 611 438 660; x_wconf 83' lang='grc' dir='ltr'><strong>τῆς</strong></span> <span class='ocrx_word' id='word_1_29' title='bbox 459 605 659 658; x_wconf 73' lang='grc' dir='ltr'><strong><em>εὐσεβείας</em></strong></span> <span class='ocrx_word' id='word_1_30' title='bbox 679 606 745 647; x_wconf 89' lang='grc' dir='ltr'><strong>καὶ</strong></span> <span class='ocrx_word' id='word_1_31' title='bbox 766 609 890 648; x_wconf 86' lang='grc' dir='ltr'><strong><em>καλοῦ</em></strong></span> <span class='ocrx_word' id='word_1_32' title='bbox 913 605 1060 656; x_wconf 87' lang='grc' dir='ltr'><strong><em>παντὸς</em></strong></span> <span class='ocrx_word' id='word_1_33' title='bbox 1079 603 1216 656; x_wconf 88' lang='grc' dir='ltr'><strong><em>τύπος,</em></strong></span> 
     </span>
     <span class='ocr_line' id='line_1_8' title="bbox 367 672 1162 730; baseline -0.003 -13"><span class='ocrx_word' id='word_1_34' title='bbox 367 673 579 728; x_wconf 74' lang='grc' dir='ltr'><strong><em>ἐκκλησίας</em></strong></span> <span class='ocrx_word' id='word_1_35' title='bbox 600 672 799 730; x_wconf 83' lang='grc' dir='ltr'><strong><em>τρόφιμος</em></strong></span> <span class='ocrx_word' id='word_1_36' title='bbox 822 672 909 728; x_wconf 81' lang='grc' dir='ltr'><strong><em>ἅμα</em></strong></span> <span class='ocrx_word' id='word_1_37' title='bbox 930 674 996 716; x_wconf 85' lang='grc' dir='ltr'><strong>καὶ</strong></span> <span class='ocrx_word' id='word_1_38' title='bbox 1018 672 1162 728; x_wconf 91' lang='grc' dir='ltr'><strong><em>θύτης,</em></strong></span> 
     </span>
     <span class='ocr_line' id='line_1_9' title="bbox 369 741 1092 796; baseline -0.003 -11"><span class='ocrx_word' id='word_1_39' title='bbox 369 741 462 791; x_wconf 76' lang='grc' dir='ltr'><strong><em>τοὺς</em></strong></span> <span class='ocrx_word' id='word_1_40' title='bbox 482 741 622 792; x_wconf 74' lang='grc' dir='ltr'><strong><em>οἴακας</em></strong></span> <span class='ocrx_word' id='word_1_41' title='bbox 643 741 757 784; x_wconf 74' lang='grc' dir='ltr'><strong><em>ἴθυνε</em></strong></span> <span class='ocrx_word' id='word_1_42' title='bbox 780 746 851 795; x_wconf 83' lang='grc' dir='ltr'><strong>τῆς</strong></span> <span class='ocrx_word' id='word_1_43' title='bbox 871 742 1092 796; x_wconf 71' lang='grc' dir='ltr'><strong><em>ἐκκλησίας.</em></strong></span> 
     </span>
     <span class='ocr_line' id='line_1_10' title="bbox 233 806 1239 872; baseline -0.003 -19"><span class='ocrx_word' id='word_1_44' title='bbox 233 811 343 872; x_wconf 68' lang='grc' dir='ltr'>973ζ)</span> <span class='ocrx_word' id='word_1_45' title='bbox 445 809 570 852; x_wconf 74' lang='grc' dir='ltr'><strong><em>Μεθ’</em></strong></span> <span class='ocrx_word' id='word_1_46' title='bbox 592 808 637 852; x_wconf 81' lang='grc' dir='ltr'><strong>ὅν</strong></span> <span class='ocrx_word' id='word_1_47' title='bbox 656 827 717 860; x_wconf 89' lang='grc' dir='ltr'><strong>τις</strong></span> <span class='ocrx_word' id='word_1_48' title='bbox 733 808 915 860; x_wconf 81' lang='grc' dir='ltr'><strong><em>Ἀκάκιος</em></strong></span> <span class='ocrx_word' id='word_1_49' title='bbox 933 806 1239 866; x_wconf 83' lang='grc' dir='ltr'><strong><em>ὀρφανοτρόφος</em></strong></span> 
     </span>
     <span class='ocr_line' id='line_1_11' title="bbox 368 875 1175 932; baseline -0.001 -12"><span class='ocrx_word' id='word_1_50' title='bbox 368 878 578 932; x_wconf 72' lang='grc' dir='ltr'><strong><em>ἐκκλησίας</em></strong></span> <span class='ocrx_word' id='word_1_51' title='bbox 592 875 723 932; x_wconf 86' lang='grc' dir='ltr'><strong><em>θύτης</em></strong></span> <span class='ocrx_word' id='word_1_52' title='bbox 740 895 803 929; x_wconf 89' lang='grc' dir='ltr'><strong>τε,</strong></span> <span class='ocrx_word' id='word_1_53' title='bbox 834 875 1020 927; x_wconf 80' lang='grc' dir='ltr'><strong><em>κάκιστος</em></strong></span> <span class='ocrx_word' id='word_1_54' title='bbox 1040 877 1175 930; x_wconf 79' lang='grc' dir='ltr'><strong><em>σε’βας,</em></strong></span> 
     </span>
     <span class='ocr_line' id='line_1_12' title="bbox 369 945 1099 1004; baseline -0.001 -16"><span class='ocrx_word' id='word_1_55' title='bbox 369 950 499 995; x_wconf 86' lang='grc' dir='ltr'><strong><em>κακῶς</em></strong></span> <span class='ocrx_word' id='word_1_56' title='bbox 519 945 801 1003; x_wconf 73' lang='grc' dir='ltr'><strong><em>ἔπεισέφρησεν</em></strong></span> <span class='ocrx_word' id='word_1_57' title='bbox 819 949 868 1002; x_wconf 82' lang='grc' dir='ltr'><strong>τῇ</strong></span> <span class='ocrx_word' id='word_1_58' title='bbox 886 946 1099 1004; x_wconf 72' lang='grc' dir='ltr'><strong><em>προεδρίᾳ·</em></strong></span> 
     </span>
     <span class='ocr_line' id='line_1_13' title="bbox 371 1012 1116 1070; baseline -0.004 -13"><span class='ocrx_word' id='word_1_59' title='bbox 371 1013 480 1063; x_wconf 81' lang='grc' dir='ltr'><strong><em>ὅστις</em></strong></span> <span class='ocrx_word' id='word_1_60' title='bbox 496 1012 688 1070; x_wconf 83' lang='grc' dir='ltr'><strong><em>τετάρτην</em></strong></span> <span class='ocrx_word' id='word_1_61' title='bbox 705 1012 874 1055; x_wconf 86' lang='grc' dir='ltr'><strong><em>σύνοδον</em></strong></span> <span class='ocrx_word' id='word_1_62' title='bbox 894 1014 1116 1067; x_wconf 87' lang='grc' dir='ltr'><strong><em>σεβασμίαν</em></strong></span> 
     </span>
     <span class='ocr_line' id='line_1_14' title="bbox 371 1077 1234 1138; baseline -0.005 -14"><span class='ocrx_word' id='word_1_63' title='bbox 371 1080 417 1124; x_wconf 87' lang='grc' dir='ltr'><strong>τό</strong></span> <span class='ocrx_word' id='word_1_64' title='bbox 440 1081 482 1137; x_wconf 75' lang='grc' dir='ltr'><strong>γ’</strong></span> <span class='ocrx_word' id='word_1_65' title='bbox 511 1083 566 1131; x_wconf 77' lang='grc' dir='ltr'><strong>εἷς</strong></span> <span class='ocrx_word' id='word_1_66' title='bbox 588 1080 732 1124; x_wconf 72' lang='grc' dir='ltr'><strong><em>ἑαυτὸν</em></strong></span> <span class='ocrx_word' id='word_1_67' title='bbox 753 1082 900 1137; x_wconf 78' lang='grc' dir='ltr'><strong><em>ᾇκυροῒ</em></strong></span> <span class='ocrx_word' id='word_1_68' title='bbox 915 1079 1074 1138; x_wconf 82' lang='grc' dir='ltr'><strong><em>ψήφοις</em></strong></span> <span class='ocrx_word' id='word_1_69' title='bbox 1094 1077 1234 1128; x_wconf 81' lang='grc' dir='ltr'><strong><em>τάλας.</em></strong></span> 
     </span>
     <span class='ocr_line' id='line_1_15' title="bbox 237 1145 1388 1206; baseline -0.002 -15"><span class='ocrx_word' id='word_1_70' title='bbox 237 1146 349 1192; x_wconf 86' lang='grc'>9740</span> <span class='ocrx_word' id='word_1_71' title='bbox 453 1148 612 1192; x_wconf 82' lang='grc' dir='ltr'><strong><em>Τούτου</em></strong></span> <span class='ocrx_word' id='word_1_72' title='bbox 631 1147 830 1200; x_wconf 73' lang='grc' dir='ltr'><strong><em>θανόντος</em></strong></span> <span class='ocrx_word' id='word_1_73' title='bbox 848 1149 918 1193; x_wconf 83' lang='grc' dir='ltr'><strong>τὸν</strong></span> <span class='ocrx_word' id='word_1_74' title='bbox 937 1151 1101 1192; x_wconf 79' lang='grc' dir='ltr'><strong><em>διπλοῦν</em></strong></span> <span class='ocrx_word' id='word_1_75' title='bbox 1121 1147 1244 1197; x_wconf 75' lang='grc' dir='ltr'><strong><em>ὅντως</em></strong></span> <span class='ocrx_word' id='word_1_76' title='bbox 1261 1145 1388 1206; x_wconf 81' lang='grc' dir='ltr'><strong><em>μόρον</em></strong></span> 
     </span>
     <span class='ocr_line' id='line_1_16' title="bbox 375 1215 1260 1274; baseline -0.003 -14"><span class='ocrx_word' id='word_1_77' title='bbox 375 1217 478 1274; x_wconf 84' lang='grc' dir='ltr'><strong><em>ἀνὴρ</em></strong></span> <span class='ocrx_word' id='word_1_78' title='bbox 501 1218 732 1271; x_wconf 81' lang='grc' dir='ltr'><strong><em>Φλαβίτας,</em></strong></span> <span class='ocrx_word' id='word_1_79' title='bbox 761 1215 967 1274; x_wconf 77' lang='grc' dir='ltr'><strong><em>μάρτυρος</em></strong></span> <span class='ocrx_word' id='word_1_80' title='bbox 984 1221 1084 1260; x_wconf 82' lang='grc' dir='ltr'><strong>ναοῦ</strong></span> <span class='ocrx_word' id='word_1_81' title='bbox 1106 1215 1260 1270; x_wconf 79' lang='grc' dir='ltr'><strong><em>Θέκλης</em></strong></span> 
     </span>
     <span class='ocr_line' id='line_1_17' title="bbox 372 1278 1168 1340; baseline -0.001 -11"><span class='ocrx_word' id='word_1_82' title='bbox 372 1289 447 1329; x_wconf 84' lang='grc' dir='ltr'><strong><em>τοῦ</em></strong></span> <span class='ocrx_word' id='word_1_83' title='bbox 469 1286 572 1328; x_wconf 82' lang='grc' dir='ltr'><strong><em>κατὰ</em></strong></span> <span class='ocrx_word' id='word_1_84' title='bbox 596 1278 732 1336; x_wconf 78' lang='grc' dir='ltr'><strong><em>Συκᾶς</em></strong></span> <span class='ocrx_word' id='word_1_85' title='bbox 756 1286 1001 1340; x_wconf 80' lang='grc' dir='ltr'><strong><em>διακειμένου</em></strong></span> <span class='ocrx_word' id='word_1_86' title='bbox 1024 1283 1168 1340; x_wconf 90' lang='grc' dir='ltr'><strong><em>θύτης,</em></strong></span> 
     </span>
     <span class='ocr_line' id='line_1_18' title="bbox 375 1352 1067 1410; baseline -0.001 -14"><span class='ocrx_word' id='word_1_87' title='bbox 375 1354 531 1409; x_wconf 83' lang='grc' dir='ltr'><strong><em>ἀνίερος</em></strong></span> <span class='ocrx_word' id='word_1_88' title='bbox 554 1352 799 1410; x_wconf 80' lang='grc' dir='ltr'><strong><em>βλάσφημος</em></strong></span> <span class='ocrx_word' id='word_1_89' title='bbox 820 1354 1067 1410; x_wconf 82' lang='grc' dir='ltr'><strong><em>οῗοφυσίτης,</em></strong></span> 
     </span>
     <span class='ocr_line' id='line_1_19' title="bbox 371 1419 1232 1479; baseline -0.002 -15"><span class='ocrx_word' id='word_1_90' title='bbox 371 1422 540 1479; x_wconf 79' lang='grc' dir='ltr'><strong><em>Ἀκακίῳ</em></strong></span> <span class='ocrx_word' id='word_1_91' title='bbox 564 1419 769 1476; x_wconf 86' lang='grc' dir='ltr'><strong><em>σύμπνους</em></strong></span> <span class='ocrx_word' id='word_1_92' title='bbox 790 1423 855 1463; x_wconf 82' lang='grc' dir='ltr'><strong>καὶ</strong></span> <span class='ocrx_word' id='word_1_93' title='bbox 877 1420 1075 1479; x_wconf 89' lang='grc' dir='ltr'><strong><em>σύμφρων</em></strong></span> <span class='ocrx_word' id='word_1_94' title='bbox 1096 1420 1232 1474; x_wconf 72' lang='grc' dir='ltr'><strong><em>σέβας,</em></strong></span> 
     </span>
     <span class='ocr_line' id='line_1_20' title="bbox 242 1489 1052 1547; baseline -0.005 -13"><span class='ocrx_word' id='word_1_95' title='bbox 242 1489 349 1534; x_wconf 84' lang='grc'>9745</span> <span class='ocrx_word' id='word_1_96' title='bbox 378 1490 549 1540; x_wconf 81' lang='grc' dir='ltr'><strong><em>ἀναξίως</em></strong></span> <span class='ocrx_word' id='word_1_97' title='bbox 571 1489 710 1544; x_wconf 69' lang='grc' dir='ltr'><strong><em>ἔσχηκε</em></strong></span> <span class='ocrx_word' id='word_1_98' title='bbox 733 1490 805 1544; x_wconf 87' lang='grc' dir='ltr'><strong>τὴν</strong></span> <span class='ocrx_word' id='word_1_99' title='bbox 824 1491 1052 1547; x_wconf 82' lang='grc' dir='ltr'><strong><em>προεδρίαν.</em></strong></span> 
     </span>
     <span class='ocr_line' id='line_1_21' title="bbox 460 1551 1327 1614; baseline -0.003 -16"><span class='ocrx_word' id='word_1_100' title='bbox 460 1555 619 1599; x_wconf 84' lang='grc' dir='ltr'><strong><em>Τούτου</em></strong></span> <span class='ocrx_word' id='word_1_101' title='bbox 644 1555 948 1611; x_wconf 77' lang='grc' dir='ltr'><strong><em>τελευτήσαντος</em></strong></span> <span class='ocrx_word' id='word_1_102' title='bbox 969 1558 1010 1599; x_wconf 79' lang='grc' dir='ltr'><strong>ἓν</strong></span> <span class='ocrx_word' id='word_1_103' title='bbox 1030 1560 1180 1614; x_wconf 89' lang='grc' dir='ltr'><strong><em>βραχεῖ’</em></strong></span> <span class='ocrx_word' id='word_1_104' title='bbox 1195 1551 1327 1611; x_wconf 76' lang='grc' dir='ltr'><strong><em>χρόνῳ</em></strong></span> 
     </span>
     <span class='ocr_line' id='line_1_22' title="bbox 379 1622 967 1681; baseline 0.002 -16"><span class='ocrx_word' id='word_1_105' title='bbox 379 1622 591 1681; x_wconf 81' lang='grc' dir='ltr'><strong><em>Εὗφήμιος</em></strong></span> <span class='ocrx_word' id='word_1_106' title='bbox 617 1623 727 1675; x_wconf 73' lang='grc' dir='ltr'><strong><em>ἄξιος</em></strong></span> <span class='ocrx_word' id='word_1_107' title='bbox 750 1625 967 1681; x_wconf 77' lang='grc' dir='ltr'><strong><em>ὶεραρχίας,</em></strong></span> 
     </span>
     <span class='ocr_line' id='line_1_23' title="bbox 379 1689 1254 1748; baseline -0.003 -16"><span class='ocrx_word' id='word_1_108' title='bbox 379 1689 648 1748; x_wconf 84' lang='grc' dir='ltr'><strong><em>πρεσβύτερος</em></strong></span> <span class='ocrx_word' id='word_1_109' title='bbox 666 1692 739 1745; x_wconf 74' lang='grc' dir='ltr'><strong>μὲν</strong></span> <span class='ocrx_word' id='word_1_110' title='bbox 758 1695 830 1746; x_wconf 84' lang='grc' dir='ltr'><strong>τῆς</strong></span> <span class='ocrx_word' id='word_1_111' title='bbox 849 1695 951 1734; x_wconf 86' lang='grc' dir='ltr'><strong><em>θεοῦ</em></strong></span> <span class='ocrx_word' id='word_1_112' title='bbox 970 1690 1010 1746; x_wconf 82' lang='grc' dir='ltr'><strong>γ’</strong></span> <span class='ocrx_word' id='word_1_113' title='bbox 1033 1689 1254 1742; x_wconf 72' lang='grc' dir='ltr'><strong><em>ἐκκλησίας,</em></strong></span> 
     </span>
     <span class='ocr_line' id='line_1_24' title="bbox 381 1754 1198 1816; baseline -0.004 -15"><span class='ocrx_word' id='word_1_114' title='bbox 381 1763 452 1814; x_wconf 82' lang='grc' dir='ltr'><strong>τῆς</strong></span> <span class='ocrx_word' id='word_1_115' title='bbox 475 1760 516 1801; x_wconf 74' lang='grc' dir='ltr'><strong>δ’</strong></span> <span class='ocrx_word' id='word_1_116' title='bbox 545 1754 596 1802; x_wconf 69' lang='grc' dir='ltr'><strong><em>αὖ</em></strong></span> <span class='ocrx_word' id='word_1_117' title='bbox 616 1757 857 1809; x_wconf 86' lang='grc' dir='ltr'><strong><em>Νεαπόλεως</em></strong></span> <span class='ocrx_word' id='word_1_118' title='bbox 875 1755 1198 1816; x_wconf 83' lang='grc' dir='ltr'><strong><em>ὄρφανοτρόφος,</em></strong></span> 
     </span>
     <span class='ocr_line' id='line_1_25' title="bbox 246 1825 1192 1882; baseline -0.004 -13"><span class='ocrx_word' id='word_1_119' title='bbox 246 1826 360 1869; x_wconf 85' lang='grc'>9750</span> <span class='ocrx_word' id='word_1_120' title='bbox 383 1825 606 1870; x_wconf 86' lang='grc' dir='ltr'><strong><em>πιστεύεται</em></strong></span> <span class='ocrx_word' id='word_1_121' title='bbox 626 1826 821 1869; x_wconf 86' lang='grc' dir='ltr'><strong><em>κάλλιστα</em></strong></span> <span class='ocrx_word' id='word_1_122' title='bbox 840 1827 914 1881; x_wconf 81' lang='grc' dir='ltr'><strong>τὴν</strong></span> <span class='ocrx_word' id='word_1_123' title='bbox 933 1825 1192 1882; x_wconf 83' lang='grc' dir='ltr'><strong><em>προστασίαν,</em></strong></span> 
     </span>
     <span class='ocr_line' id='line_1_26' title="bbox 387 1890 1172 1952; baseline -0.005 -14"><span class='ocrx_word' id='word_1_124' title='bbox 387 1894 496 1945; x_wconf 81' lang='grc' dir='ltr'><strong><em>ὅσιος</em></strong></span> <span class='ocrx_word' id='word_1_125' title='bbox 518 1893 640 1952; x_wconf 83' lang='grc' dir='ltr'><strong><em>ἀνήρ,</em></strong></span> <span class='ocrx_word' id='word_1_126' title='bbox 676 1893 911 1951; x_wconf 75' lang='grc' dir='ltr'><strong><em>ὀρθοδόξων</em></strong></span> <span class='ocrx_word' id='word_1_127' title='bbox 932 1890 1172 1951; x_wconf 79' lang='grc' dir='ltr'><strong><em>προστάτης,</em></strong></span> 
     </span>
    </p>
   </div>
   <div class='ocr_carea' id='block_1_3' title="bbox 467 2010 734 2050">
    <p class='ocr_par' dir='ltr' id='par_1_3' title="bbox 467 2010 734 2050">
     <span class='ocr_line' id='line_1_27' title="bbox 467 2010 734 2050; baseline -0.004 -3"><span class='ocrx_word' id='word_1_128' title='bbox 467 2011 559 2050; x_wconf 79' lang='lat'>9744</span> <span class='ocrx_word' id='word_1_129' title='bbox 580 2023 620 2046; x_wconf 79' lang='grc' dir='ltr'><strong>τε</strong></span> <span class='ocrx_word' id='word_1_130' title='bbox 641 2010 734 2046; x_wconf 67' lang='lat' dir='ltr'><strong>aaz?</strong></span> 
     </span>
    </p>
   </div>
   <div class='ocr_carea' id='block_1_4' title="bbox 252 2109 1703 2611">
    <p class='ocr_par' dir='ltr' id='par_1_4' title="bbox 252 2109 1700 2249">
     <span class='ocr_line' id='line_1_28' title="bbox 252 2109 1699 2158; baseline -0.001 -11"><span class='ocrx_word' id='word_1_131' title='bbox 252 2113 380 2155; x_wconf 79' lang='lat' dir='ltr'><strong>turris3</strong></span> <span class='ocrx_word' id='word_1_132' title='bbox 413 2113 476 2147; x_wconf 89' lang='lat' dir='ltr'><strong>sub</strong></span> <span class='ocrx_word' id='word_1_133' title='bbox 507 2124 575 2158; x_wconf 93' lang='lat' dir='ltr'><strong>quo</strong></span> <span class='ocrx_word' id='word_1_134' title='bbox 597 2111 736 2146; x_wconf 85' lang='lat' dir='ltr'><strong>concilii</strong></span> <span class='ocrx_word' id='word_1_135' title='bbox 757 2112 873 2158; x_wconf 86' lang='lat' dir='ltr'><strong>quarti</strong></span> <span class='ocrx_word' id='word_1_136' title='bbox 895 2123 995 2147; x_wconf 86' lang='lat' dir='ltr'><strong>sacer</strong></span> <span class='ocrx_word' id='word_1_137' title='bbox 1018 2115 1138 2147; x_wconf 87' lang='lat' dir='ltr'><strong>coetus</strong></span> <span class='ocrx_word' id='word_1_138' title='bbox 1161 2110 1293 2146; x_wconf 83' lang='lat' dir='ltr'><strong>utiliter</strong></span> <span class='ocrx_word' id='word_1_139' title='bbox 1314 2109 1533 2145; x_wconf 83' lang='lat' dir='ltr'><strong>Chalcedone</strong></span> <span class='ocrx_word' id='word_1_140' title='bbox 1555 2121 1699 2155; x_wconf 83' lang='lat' dir='ltr'><strong>cougre-</strong></span> 
     </span>
     <span class='ocr_line' id='line_1_29' title="bbox 252 2155 1700 2203; baseline -0.001 -10"><span class='ocrx_word' id='word_1_141' title='bbox 252 2164 354 2203; x_wconf 82' lang='lat' dir='ltr'><strong>gatus</strong></span> <span class='ocrx_word' id='word_1_142' title='bbox 386 2158 533 2192; x_wconf 89' lang='lat' dir='ltr'><strong>alienum</strong></span> <span class='ocrx_word' id='word_1_143' title='bbox 566 2157 755 2192; x_wconf 82' lang='lat' dir='ltr'><strong>declaravit</strong></span> <span class='ocrx_word' id='word_1_144' title='bbox 786 2160 828 2192; x_wconf 91' lang='lat' dir='ltr'><strong>ab</strong></span> <span class='ocrx_word' id='word_1_145' title='bbox 859 2159 1004 2194; x_wconf 80' lang='lat' dir='ltr'><strong>ecclesia</strong></span> <span class='ocrx_word' id='word_1_146' title='bbox 1027 2157 1295 2192; x_wconf 85' lang='lat' dir='ltr'><strong>Alexandrinum</strong></span> <span class='ocrx_word' id='word_1_147' title='bbox 1313 2157 1476 2192; x_wconf 81' lang='lat' dir='ltr'><strong>miserum</strong></span> <span class='ocrx_word' id='word_1_148' title='bbox 1497 2155 1700 2191; x_wconf 84' lang='lat' dir='ltr'><strong>Dioscorum</strong></span> 
     </span>
     <span class='ocr_line' id='line_1_30' title="bbox 252 2203 1154 2249; baseline -0.001 -11"><span class='ocrx_word' id='word_1_149' title='bbox 252 2204 380 2248; x_wconf 78' lang='lat'>(9730)</span> <span class='ocrx_word' id='word_1_150' title='bbox 403 2215 477 2237; x_wconf 91' lang='lat' dir='ltr'><strong>cum</strong></span> <span class='ocrx_word' id='word_1_151' title='bbox 498 2203 696 2247; x_wconf 79' lang='lat' dir='ltr'><strong>Eutychete</strong></span> <span class='ocrx_word' id='word_1_152' title='bbox 719 2207 755 2237; x_wconf 88' lang='lat' dir='ltr'><strong>et</strong></span> <span class='ocrx_word' id='word_1_153' title='bbox 777 2204 852 2238; x_wconf 83' lang='lat' dir='ltr'><strong>aliis</strong></span> <span class='ocrx_word' id='word_1_154' title='bbox 877 2204 972 2249; x_wconf 84' lang='lat' dir='ltr'><strong>paris</strong></span> <span class='ocrx_word' id='word_1_155' title='bbox 994 2204 1154 2238; x_wconf 79' lang='lat' dir='ltr'><strong>furfuris.</strong></span> 
     </span>
    </p>

    <p class='ocr_par' dir='ltr' id='par_1_5' title="bbox 254 2246 1702 2375">
     <span class='ocr_line' id='line_1_31' title="bbox 343 2246 1702 2295; baseline -0.003 -12"><span class='ocrx_word' id='word_1_156' title='bbox 343 2250 471 2283; x_wconf 83' lang='lat' dir='ltr'><strong>Postea</strong></span> <span class='ocrx_word' id='word_1_157' title='bbox 503 2249 727 2291; x_wconf 83' lang='lat' dir='ltr'><strong>Gennadius,</strong></span> <span class='ocrx_word' id='word_1_158' title='bbox 758 2249 815 2282; x_wconf 82' lang='lat' dir='ltr'><strong>vir</strong></span> <span class='ocrx_word' id='word_1_159' title='bbox 846 2250 1031 2295; x_wconf 71' lang='lat' dir='ltr'><strong>egregius,</strong></span> <span class='ocrx_word' id='word_1_160' title='bbox 1065 2248 1147 2283; x_wconf 84' lang='lat' dir='ltr'><strong>fidei</strong></span> <span class='ocrx_word' id='word_1_161' title='bbox 1176 2251 1281 2293; x_wconf 78' lang='lat' dir='ltr'><strong>typus</strong></span> <span class='ocrx_word' id='word_1_162' title='bbox 1306 2250 1342 2281; x_wconf 84' lang='lat' dir='ltr'><strong>et</strong></span> <span class='ocrx_word' id='word_1_163' title='bbox 1365 2247 1474 2281; x_wconf 86' lang='lat' dir='ltr'><strong>omnis</strong></span> <span class='ocrx_word' id='word_1_164' title='bbox 1496 2246 1702 2290; x_wconf 74' lang='lat' dir='ltr'><strong>honestatis,</strong></span> 
     </span>
     <span class='ocr_line' id='line_1_32' title="bbox 254 2291 1701 2350; baseline -0.002 -21"><span class='ocrx_word' id='word_1_165' title='bbox 254 2294 422 2350; x_wconf 68' lang='lat' dir='ltr'><strong>ecclesiae</strong></span> <span class='ocrx_word' id='word_1_166' title='bbox 452 2295 604 2329; x_wconf 85' lang='lat' dir='ltr'><strong>alumnus</strong></span> <span class='ocrx_word' id='word_1_167' title='bbox 633 2293 733 2329; x_wconf 86' lang='lat' dir='ltr'><strong>simul</strong></span> <span class='ocrx_word' id='word_1_168' title='bbox 763 2299 798 2328; x_wconf 90' lang='lat' dir='ltr'><strong>et</strong></span> <span class='ocrx_word' id='word_1_169' title='bbox 829 2296 1011 2340; x_wconf 84' lang='lat' dir='ltr'><strong>sacerdos,</strong></span> <span class='ocrx_word' id='word_1_170' title='bbox 1044 2295 1177 2328; x_wconf 81' lang='lat' dir='ltr'><strong>olavum</strong></span> <span class='ocrx_word' id='word_1_171' title='bbox 1207 2292 1360 2338; x_wconf 83' lang='lat' dir='ltr'><strong>suscepit</strong></span> <span class='ocrx_word' id='word_1_172' title='bbox 1379 2292 1567 2338; x_wconf 84' lang='lat' dir='ltr'><strong>regendum</strong></span> <span class='ocrx_word' id='word_1_173' title='bbox 1590 2291 1701 2326; x_wconf 82' lang='lat' dir='ltr'><strong>eccle·</strong></span> 
     </span>
     <span class='ocr_line' id='line_1_33' title="bbox 254 2351 342 2375; baseline 0 -1"><span class='ocrx_word' id='word_1_174' title='bbox 254 2351 342 2375; x_wconf 77' lang='lat' dir='ltr'><strong>slae.</strong></span> 
     </span>
    </p>

    <p class='ocr_par' dir='ltr' id='par_1_6' title="bbox 256 2381 1702 2521">
     <span class='ocr_line' id='line_1_34' title="bbox 346 2381 1701 2431; baseline -0.002 -12"><span class='ocrx_word' id='word_1_175' title='bbox 346 2385 472 2428; x_wconf 82' lang='lat'>(9735)</span> <span class='ocrx_word' id='word_1_176' title='bbox 503 2385 591 2419; x_wconf 91' lang='lat' dir='ltr'><strong>Post</strong></span> <span class='ocrx_word' id='word_1_177' title='bbox 613 2395 713 2430; x_wconf 85' lang='lat' dir='ltr'><strong>quem</strong></span> <span class='ocrx_word' id='word_1_178' title='bbox 735 2383 902 2429; x_wconf 78' lang='lat' dir='ltr'><strong>Aeacius,</strong></span> <span class='ocrx_word' id='word_1_179' title='bbox 936 2384 1164 2431; x_wconf 85' lang='lat' dir='ltr'><strong>orphanorum</strong></span> <span class='ocrx_word' id='word_1_180' title='bbox 1185 2393 1349 2428; x_wconf 80' lang='lat' dir='ltr'><strong>praeses,</strong></span> <span class='ocrx_word' id='word_1_181' title='bbox 1381 2383 1567 2428; x_wconf 80' lang='lat' dir='ltr'><strong>presbyter</strong></span> <span class='ocrx_word' id='word_1_182' title='bbox 1589 2381 1701 2416; x_wconf 78' lang='lat' dir='ltr'><strong>eccle-</strong></span> 
     </span>
     <span class='ocr_line' id='line_1_35' title="bbox 256 2426 1702 2475; baseline -0.003 -11"><span class='ocrx_word' id='word_1_183' title='bbox 256 2430 351 2473; x_wconf 85' lang='lat' dir='ltr'><strong>siae,</strong></span> <span class='ocrx_word' id='word_1_184' title='bbox 389 2431 451 2464; x_wconf 90' lang='lat' dir='ltr'><strong>sed</strong></span> <span class='ocrx_word' id='word_1_185' title='bbox 484 2434 579 2464; x_wconf 88' lang='lat' dir='ltr'><strong>secta</strong></span> <span class='ocrx_word' id='word_1_186' title='bbox 609 2430 797 2475; x_wconf 82' lang='lat' dir='ltr'><strong>pessimus,</strong></span> <span class='ocrx_word' id='word_1_187' title='bbox 832 2431 1100 2474; x_wconf 86' lang='lat' dir='ltr'><strong>patriarchatum</strong></span> <span class='ocrx_word' id='word_1_188' title='bbox 1131 2429 1287 2474; x_wconf 87' lang='lat' dir='ltr'><strong>improbe</strong></span> <span class='ocrx_word' id='word_1_189' title='bbox 1317 2427 1499 2473; x_wconf 79' lang='lat' dir='ltr'><strong>surripuit.</strong></span> <span class='ocrx_word' id='word_1_190' title='bbox 1545 2427 1576 2462; x_wconf 87' lang='lat' dir='ltr'><strong>is</strong></span> <span class='ocrx_word' id='word_1_191' title='bbox 1599 2426 1702 2461; x_wconf 74' lang='lat' dir='ltr'><strong>etiam</strong></span> 
     </span>
     <span class='ocr_line' id='line_1_36' title="bbox 258 2472 1656 2521; baseline -0.002 -12"><span class='ocrx_word' id='word_1_192' title='bbox 258 2479 412 2520; x_wconf 80' lang='lat' dir='ltr'><strong>quartam</strong></span> <span class='ocrx_word' id='word_1_193' title='bbox 437 2476 667 2510; x_wconf 86' lang='lat' dir='ltr'><strong>venerandam</strong></span> <span class='ocrx_word' id='word_1_194' title='bbox 691 2476 876 2519; x_wconf 82' lang='lat' dir='ltr'><strong>synodum,</strong></span> <span class='ocrx_word' id='word_1_195' title='bbox 900 2481 1063 2521; x_wconf 86' lang='lat' dir='ltr'><strong>quantum</strong></span> <span class='ocrx_word' id='word_1_196' title='bbox 1085 2475 1122 2509; x_wconf 88' lang='lat' dir='ltr'><strong>in</strong></span> <span class='ocrx_word' id='word_1_197' title='bbox 1144 2475 1220 2520; x_wconf 88' lang='lat' dir='ltr'><strong>ipso</strong></span> <span class='ocrx_word' id='word_1_198' title='bbox 1245 2478 1342 2517; x_wconf 86' lang='lat' dir='ltr'><strong>erat,</strong></span> <span class='ocrx_word' id='word_1_199' title='bbox 1366 2473 1518 2507; x_wconf 84' lang='lat' dir='ltr'><strong>abolevit</strong></span> <span class='ocrx_word' id='word_1_200' title='bbox 1541 2472 1656 2507; x_wconf 85' lang='lat' dir='ltr'><strong>miser.</strong></span> 
     </span>
    </p>

    <p class='ocr_par' dir='ltr' id='par_1_7' title="bbox 261 2518 1703 2611">
     <span class='ocr_line' id='line_1_37' title="bbox 349 2518 1703 2565; baseline -0.003 -11"><span class='ocrx_word' id='word_1_201' title='bbox 349 2520 474 2564; x_wconf 86' lang='lat'>(9740)</span> <span class='ocrx_word' id='word_1_202' title='bbox 497 2520 584 2555; x_wconf 88' lang='lat' dir='ltr'><strong>Post</strong></span> <span class='ocrx_word' id='word_1_203' title='bbox 605 2520 694 2555; x_wconf 86' lang='lat' dir='ltr'><strong>hunc</strong></span> <span class='ocrx_word' id='word_1_204' title='bbox 716 2520 844 2565; x_wconf 87' lang='lat' dir='ltr'><strong>duplici</strong></span> <span class='ocrx_word' id='word_1_205' title='bbox 866 2533 949 2555; x_wconf 89' lang='lat' dir='ltr'><strong>vere</strong></span> <span class='ocrx_word' id='word_1_206' title='bbox 969 2521 1171 2556; x_wconf 84' lang='lat' dir='ltr'><strong>exstinctum</strong></span> <span class='ocrx_word' id='word_1_207' title='bbox 1187 2524 1309 2562; x_wconf 90' lang='lat' dir='ltr'><strong>morte,</strong></span> <span class='ocrx_word' id='word_1_208' title='bbox 1333 2518 1490 2553; x_wconf 80' lang='lat' dir='ltr'><strong>Flavitas</strong></span> <span class='ocrx_word' id='word_1_209' title='bbox 1507 2519 1703 2564; x_wconf 79' lang='lat' dir='ltr'><strong>presbyter,</strong></span> 
     </span>
     <span class='ocr_line' id='line_1_38' title="bbox 261 2563 1703 2611; baseline -0.002 -13"><span class='ocrx_word' id='word_1_210' title='bbox 261 2564 452 2599; x_wconf 87' lang='lat' dir='ltr'><strong>ministerio</strong></span> <span class='ocrx_word' id='word_1_211' title='bbox 482 2567 639 2600; x_wconf 83' lang='lat' dir='ltr'><strong>addictus</strong></span> <span class='ocrx_word' id='word_1_212' title='bbox 673 2566 709 2600; x_wconf 91' lang='lat' dir='ltr'><strong>in</strong></span> <span class='ocrx_word' id='word_1_213' title='bbox 739 2567 863 2611; x_wconf 87' lang='lat' dir='ltr'><strong>templo</strong></span> <span class='ocrx_word' id='word_1_214' title='bbox 897 2567 1050 2601; x_wconf 82' lang='lat' dir='ltr'><strong>Theclae</strong></span> <span class='ocrx_word' id='word_1_215' title='bbox 1072 2564 1233 2608; x_wconf 86' lang='lat' dir='ltr'><strong>martyris</strong></span> <span class='ocrx_word' id='word_1_216' title='bbox 1259 2564 1349 2609; x_wconf 86' lang='lat' dir='ltr'><strong>apud</strong></span> <span class='ocrx_word' id='word_1_217' title='bbox 1373 2565 1504 2608; x_wconf 82' lang='lat' dir='ltr'><strong>Sycas,</strong></span> <span class='ocrx_word' id='word_1_218' title='bbox 1539 2563 1703 2608; x_wconf 82' lang='lat' dir='ltr'><strong>profanus</strong></span> 
     </span>
    </p>
   </div>
   <div class='ocr_carea' id='block_1_5' title="bbox 260 2607 1703 2692">
    <p class='ocr_par' dir='ltr' id='par_1_8' title="bbox 260 2607 1703 2692">
     <span class='ocr_line' id='line_1_39' title="bbox 260 2607 1703 2657; baseline -0.002 -13"><span class='ocrx_word' id='word_1_219' title='bbox 260 2615 296 2644; x_wconf 88' lang='lat' dir='ltr'><strong>et</strong></span> <span class='ocrx_word' id='word_1_220' title='bbox 320 2609 537 2656; x_wconf 84' lang='lat' dir='ltr'><strong>blasphemus</strong></span> <span class='ocrx_word' id='word_1_221' title='bbox 559 2610 799 2657; x_wconf 87' lang='lat' dir='ltr'><strong>monophysita</strong></span> <span class='ocrx_word' id='word_1_222' title='bbox 823 2617 925 2655; x_wconf 81' lang='lat' dir='ltr'><strong>atque</strong></span> <span class='ocrx_word' id='word_1_223' title='bbox 944 2612 1108 2647; x_wconf 85' lang='lat' dir='ltr'><strong>Acaciani</strong></span> <span class='ocrx_word' id='word_1_224' title='bbox 1129 2609 1297 2655; x_wconf 83' lang='lat' dir='ltr'><strong>dogmatis</strong></span> <span class='ocrx_word' id='word_1_225' title='bbox 1314 2614 1476 2652; x_wconf 87' lang='lat' dir='ltr'><strong>sectator,</strong></span> <span class='ocrx_word' id='word_1_226' title='bbox 1501 2607 1623 2652; x_wconf 84' lang='lat'>(9745)</span> <span class='ocrx_word' id='word_1_227' title='bbox 1638 2618 1703 2652; x_wconf 85' lang='lat' dir='ltr'><strong>pa-</strong></span> 
     </span>
     <span class='ocr_line' id='line_1_40' title="bbox 261 2655 893 2692; baseline 0 -2"><span class='ocrx_word' id='word_1_228' title='bbox 261 2655 483 2690; x_wconf 86' lang='lat' dir='ltr'><strong>triarchatum</strong></span> <span class='ocrx_word' id='word_1_229' title='bbox 510 2662 629 2691; x_wconf 80' lang='lat' dir='ltr'><strong>contra</strong></span> <span class='ocrx_word' id='word_1_230' title='bbox 652 2657 705 2692; x_wconf 93' lang='lat' dir='ltr'><strong>ius</strong></span> <span class='ocrx_word' id='word_1_231' title='bbox 732 2656 893 2690; x_wconf 82' lang='lat' dir='ltr'><strong>obtinuit.</strong></span> 
     </span>
    </p>
   </div>
   <div class='ocr_carea' id='block_1_6' title="bbox 262 2695 1705 2838">
    <p class='ocr_par' dir='ltr' id='par_1_9' title="bbox 262 2695 1705 2838">
     <span class='ocr_line' id='line_1_41' title="bbox 353 2695 1704 2747; baseline -0.004 -14"><span class='ocrx_word' id='word_1_232' title='bbox 353 2701 431 2734; x_wconf 89' lang='lat' dir='ltr'><strong>Hoc</strong></span> <span class='ocrx_word' id='word_1_233' title='bbox 466 2708 577 2736; x_wconf 85' lang='lat' dir='ltr'><strong>autem</strong></span> <span class='ocrx_word' id='word_1_234' title='bbox 609 2704 716 2736; x_wconf 85' lang='lat' dir='ltr'><strong>breve</strong></span> <span class='ocrx_word' id='word_1_235' title='bbox 747 2706 879 2735; x_wconf 89' lang='lat' dir='ltr'><strong>mortuo</strong></span> <span class='ocrx_word' id='word_1_236' title='bbox 905 2705 983 2746; x_wconf 86' lang='lat' dir='ltr'><strong>post</strong></span> <span class='ocrx_word' id='word_1_237' title='bbox 1005 2705 1158 2747; x_wconf 84' lang='lat' dir='ltr'><strong>tempus,</strong></span> <span class='ocrx_word' id='word_1_238' title='bbox 1194 2698 1428 2744; x_wconf 80' lang='lat' dir='ltr'><strong>Euphemius‚</strong></span> <span class='ocrx_word' id='word_1_239' title='bbox 1460 2700 1556 2731; x_wconf 76' lang='lat' dir='ltr'><strong>tanto</strong></span> <span class='ocrx_word' id='word_1_240' title='bbox 1578 2695 1704 2740; x_wconf 84' lang='lat' dir='ltr'><strong>dignus</strong></span> 
     </span>
     <span class='ocr_line' id='line_1_42' title="bbox 262 2740 1704 2791; baseline -0.006 -10"><span class='ocrx_word' id='word_1_241' title='bbox 262 2746 454 2781; x_wconf 82' lang='lat' dir='ltr'><strong>sacerdotio</strong></span> <span class='ocrx_word' id='word_1_242' title='bbox 467 2773 476 2789; x_wconf 86' lang='lat'><strong>,</strong></span> <span class='ocrx_word' id='word_1_243' title='bbox 503 2748 687 2791; x_wconf 87' lang='lat' dir='ltr'><strong>presbyter</strong></span> <span class='ocrx_word' id='word_1_244' title='bbox 707 2747 843 2791; x_wconf 88' lang='lat' dir='ltr'><strong>quidem</strong></span> <span class='ocrx_word' id='word_1_245' title='bbox 865 2747 900 2780; x_wconf 90' lang='lat' dir='ltr'><strong>in</strong></span> <span class='ocrx_word' id='word_1_246' title='bbox 925 2746 1072 2781; x_wconf 84' lang='lat' dir='ltr'><strong>ecclesia</strong></span> <span class='ocrx_word' id='word_1_247' title='bbox 1093 2745 1150 2780; x_wconf 83' lang='lat' dir='ltr'><strong>dei</strong></span> <span class='ocrx_word' id='word_1_248' title='bbox 1174 2744 1393 2789; x_wconf 83' lang='lat' dir='ltr'><strong>Neapolique</strong></span> <span class='ocrx_word' id='word_1_249' title='bbox 1413 2752 1554 2788; x_wconf 78' lang='lat' dir='ltr'><strong>praeses</strong></span> <span class='ocrx_word' id='word_1_250' title='bbox 1576 2740 1704 2786; x_wconf 83' lang='lat' dir='ltr'><strong>orpha-</strong></span> 
     </span>
     <span class='ocr_line' id='line_1_43' title="bbox 265 2787 1705 2838; baseline -0.003 -13"><span class='ocrx_word' id='word_1_251' title='bbox 265 2802 382 2826; x_wconf 87' lang='lat' dir='ltr'><strong>norum</strong></span> <span class='ocrx_word' id='word_1_252' title='bbox 396 2818 406 2838; x_wconf 93' lang='lat'><strong>,</strong></span> <span class='ocrx_word' id='word_1_253' title='bbox 442 2793 567 2837; x_wconf 84' lang='lat'>(9750)</span> <span class='ocrx_word' id='word_1_254' title='bbox 598 2794 642 2828; x_wconf 87' lang='lat' dir='ltr'><strong>ad</strong></span> <span class='ocrx_word' id='word_1_255' title='bbox 663 2804 823 2828; x_wconf 84' lang='lat' dir='ltr'><strong>summam</strong></span> <span class='ocrx_word' id='word_1_256' title='bbox 847 2793 1043 2828; x_wconf 85' lang='lat' dir='ltr'><strong>cathedram</strong></span> <span class='ocrx_word' id='word_1_257' title='bbox 1066 2791 1194 2837; x_wconf 88' lang='lat' dir='ltr'><strong>optime</strong></span> <span class='ocrx_word' id='word_1_258' title='bbox 1215 2789 1396 2835; x_wconf 83' lang='lat' dir='ltr'><strong>deligitur,</strong></span> <span class='ocrx_word' id='word_1_259' title='bbox 1432 2787 1486 2823; x_wconf 85' lang='lat' dir='ltr'><strong>vir</strong></span> <span class='ocrx_word' id='word_1_260' title='bbox 1507 2791 1646 2822; x_wconf 84' lang='lat' dir='ltr'><strong>sanctus</strong></span> <span class='ocrx_word' id='word_1_261' title='bbox 1668 2788 1705 2821; x_wconf 84' lang='lat' dir='ltr'><strong>et</strong></span> 
     </span>
    </p>
   </div>
  </div>
 </body>
</html>
