<?xml version="1.0" encoding="UTF-8"?>
<!DOCTYPE html PUBLIC "-//W3C//DTD XHTML 1.0 Transitional//EN"
    "http://www.w3.org/TR/xhtml1/DTD/xhtml1-transitional.dtd">
<html xmlns="http://www.w3.org/1999/xhtml" xml:lang="en" lang="en">
 <head>
  <title>
</title>
<meta http-equiv="Content-Type" content="text/html;charset=utf-8" />
  <meta name='ocr-system' content='tesseract 3.04.00' />
  <meta name='ocr-capabilities' content='ocr_page ocr_carea ocr_par ocr_line ocrx_word'/>
</head>
<body>
  <div class='ocr_page' id='page_1' title='image "./corpusscriptorum12niebuoft/corpusscriptorum12niebuoft_0015.png"; bbox 0 0 1786 3080; ppageno 0'>
   <div class='ocr_carea' id='block_1_1' title="bbox 676 144 1559 193">
    <p class='ocr_par' dir='ltr' id='par_1_1' title="bbox 676 144 1559 193">
     <span class='ocr_line' id='line_1_1' title="bbox 676 144 1559 193; baseline 0.005 -4"><span class='ocrx_word' id='word_1_1' title='bbox 676 144 998 191; x_wconf 78' lang='lat' dir='ltr'>PRAEFATIO.</span> <span class='ocrx_word' id='word_1_2' title='bbox 1529 150 1559 193; x_wconf 86' lang='lat'>5</span> 
     </span>
    </p>
   </div>
   <div class='ocr_carea' id='block_1_2' title="bbox 103 251 1558 1486">
    <p class='ocr_par' dir='ltr' id='par_1_2' title="bbox 103 251 1558 1486">
     <span class='ocr_line' id='line_1_2' title="bbox 114 251 1558 312; baseline 0.004 -20"><span class='ocrx_word' id='word_1_3' title='bbox 114 262 210 292; x_wconf 74' lang='lat' dir='ltr'>cano</span> <span class='ocrx_word' id='word_1_4' title='bbox 241 263 374 293; x_wconf 72' lang='lat' dir='ltr'>nonen</span> <span class='ocrx_word' id='word_1_5' title='bbox 408 251 619 308; x_wconf 80' lang='lat' dir='ltr'>Ephraemii</span> <span class='ocrx_word' id='word_1_6' title='bbox 655 268 728 296; x_wconf 90' lang='lat' dir='ltr'>non</span> <span class='ocrx_word' id='word_1_7' title='bbox 763 254 921 311; x_wconf 84' lang='lat' dir='ltr'>legitnr;</span> <span class='ocrx_word' id='word_1_8' title='bbox 962 269 1082 312; x_wconf 84' lang='lat' dir='ltr'>neque</span> <span class='ocrx_word' id='word_1_9' title='bbox 1114 254 1152 297; x_wconf 86' lang='lat' dir='ltr'>id</span> <span class='ocrx_word' id='word_1_10' title='bbox 1183 268 1259 312; x_wconf 83' lang='lat' dir='ltr'>ego</span> <span class='ocrx_word' id='word_1_11' title='bbox 1291 255 1558 306; x_wconf 79' lang='lat' dir='ltr'>divinavissem,</span> 
     </span>
     <span class='ocr_line' id='line_1_3' title="bbox 112 328 1556 389; baseline 0.004 -20"><span class='ocrx_word' id='word_1_12' title='bbox 112 328 183 369; x_wconf 77' lang='lat' dir='ltr'>nisi</span> <span class='ocrx_word' id='word_1_13' title='bbox 210 337 421 384; x_wconf 79' lang='lat' dir='ltr'>comparato</span> <span class='ocrx_word' id='word_1_14' title='bbox 448 329 575 372; x_wconf 82' lang='lat' dir='ltr'>codice</span> <span class='ocrx_word' id='word_1_15' title='bbox 598 346 677 372; x_wconf 84' lang='lat' dir='ltr'>cum</span> <span class='ocrx_word' id='word_1_16' title='bbox 698 332 856 375; x_wconf 84' lang='lat' dir='ltr'>laudatis</span> <span class='ocrx_word' id='word_1_17' title='bbox 875 333 923 375; x_wconf 86' lang='lat' dir='ltr'>ab</span> <span class='ocrx_word' id='word_1_18' title='bbox 947 333 1084 375; x_wconf 81' lang='lat' dir='ltr'>Allatio</span> <span class='ocrx_word' id='word_1_19' title='bbox 1107 332 1319 389; x_wconf 75' lang='lat' dir='ltr'>fragmentis</span> <span class='ocrx_word' id='word_1_20' title='bbox 1340 334 1431 375; x_wconf 88' lang='lat' dir='ltr'>mihi</span> <span class='ocrx_word' id='word_1_21' title='bbox 1456 335 1556 375; x_wconf 88' lang='lat' dir='ltr'>inno·</span> 
     </span>
     <span class='ocr_line' id='line_1_4' title="bbox 111 405 1557 468; baseline 0.004 -22"><span class='ocrx_word' id='word_1_22' title='bbox 111 405 248 447; x_wconf 67' lang='lat' dir='ltr'>minet.</span> <span class='ocrx_word' id='word_1_23' title='bbox 305 416 470 463; x_wconf 80' lang='lat' dir='ltr'>superest</span> <span class='ocrx_word' id='word_1_24' title='bbox 500 423 596 466; x_wconf 90' lang='lat' dir='ltr'>ergo</span> <span class='ocrx_word' id='word_1_25' title='bbox 627 419 664 452; x_wconf 86' lang='lat' dir='ltr'>ut</span> <span class='ocrx_word' id='word_1_26' title='bbox 696 410 850 452; x_wconf 86' lang='lat' dir='ltr'>Allatins</span> <span class='ocrx_word' id='word_1_27' title='bbox 873 411 933 453; x_wconf 88' lang='lat' dir='ltr'>vel</span> <span class='ocrx_word' id='word_1_28' title='bbox 956 413 1066 454; x_wconf 78' lang='lat' dir='ltr'>alium</span> <span class='ocrx_word' id='word_1_29' title='bbox 1087 412 1252 454; x_wconf 77' lang='lat' dir='ltr'>codicem</span> <span class='ocrx_word' id='word_1_30' title='bbox 1275 426 1369 468; x_wconf 86' lang='lat' dir='ltr'>prae</span> <span class='ocrx_word' id='word_1_31' title='bbox 1392 412 1557 454; x_wconf 85' lang='lat' dir='ltr'>manibus</span> 
     </span>
     <span class='ocr_line' id='line_1_5' title="bbox 110 482 1555 546; baseline 0.005 -22"><span class='ocrx_word' id='word_1_32' title='bbox 110 482 300 534; x_wconf 83' lang='lat' dir='ltr'>hahuerit,</span> <span class='ocrx_word' id='word_1_33' title='bbox 340 486 405 527; x_wconf 82' lang='lat' dir='ltr'>vel</span> <span class='ocrx_word' id='word_1_34' title='bbox 438 496 541 530; x_wconf 89' lang='lat' dir='ltr'>certe</span> <span class='ocrx_word' id='word_1_35' title='bbox 573 488 785 531; x_wconf 72' lang='lat' dir='ltr'>Vatioennm</span> <span class='ocrx_word' id='word_1_36' title='bbox 811 491 967 533; x_wconf 89' lang='lat' dir='ltr'>nondum</span> <span class='ocrx_word' id='word_1_37' title='bbox 990 490 1145 533; x_wconf 78' lang='lat' dir='ltr'>sortasse</span> <span class='ocrx_word' id='word_1_38' title='bbox 1168 498 1242 532; x_wconf 88' lang='lat' dir='ltr'>tum</span> <span class='ocrx_word' id='word_1_39' title='bbox 1265 490 1478 546; x_wconf 71' lang='lat' dir='ltr'>acephalum</span> <span class='ocrx_word' id='word_1_40' title='bbox 1501 489 1555 531; x_wconf 88' lang='lat' dir='ltr'>le-</span> 
     </span>
     <span class='ocr_line' id='line_1_6' title="bbox 109 563 1558 625; baseline 0.003 -21"><span class='ocrx_word' id='word_1_41' title='bbox 109 563 227 618; x_wconf 83' lang='lat' dir='ltr'>gerit,</span> <span class='ocrx_word' id='word_1_42' title='bbox 267 577 403 624; x_wconf 71' lang='lat' dir='ltr'>paneas</span> <span class='ocrx_word' id='word_1_43' title='bbox 436 574 555 607; x_wconf 87' lang='lat' dir='ltr'>antem</span> <span class='ocrx_word' id='word_1_44' title='bbox 589 568 787 610; x_wconf 81' lang='lat' dir='ltr'>varietates</span> <span class='ocrx_word' id='word_1_45' title='bbox 810 569 891 625; x_wconf 87' lang='lat' dir='ltr'>ipse</span> <span class='ocrx_word' id='word_1_46' title='bbox 914 570 1126 612; x_wconf 73' lang='lat' dir='ltr'>exscribens</span> <span class='ocrx_word' id='word_1_47' title='bbox 1154 569 1333 612; x_wconf 75' lang='lat' dir='ltr'>effecerit.</span> <span class='ocrx_word' id='word_1_48' title='bbox 1390 567 1558 624; x_wconf 79' lang='lat' dir='ltr'>profecto</span> 
     </span>
     <span class='ocr_line' id='line_1_7' title="bbox 110 640 1558 703; baseline 0.003 -22"><span class='ocrx_word' id='word_1_49' title='bbox 110 654 191 682; x_wconf 86' lang='lat' dir='ltr'>cnm</span> <span class='ocrx_word' id='word_1_50' title='bbox 226 640 352 685; x_wconf 76' lang='lat' dir='ltr'>solium</span> <span class='ocrx_word' id='word_1_51' title='bbox 386 645 627 687; x_wconf 70' lang='lat' dir='ltr'>tantummotb</span> <span class='ocrx_word' id='word_1_52' title='bbox 662 648 815 703; x_wconf 80' lang='lat' dir='ltr'>primm</span> <span class='ocrx_word' id='word_1_53' title='bbox 850 662 874 689; x_wconf 85' lang='lat' dir='ltr'>a</span> <span class='ocrx_word' id='word_1_54' title='bbox 911 648 1040 691; x_wconf 85' lang='lat' dir='ltr'>codice</span> <span class='ocrx_word' id='word_1_55' title='bbox 1075 648 1190 697; x_wconf 78' lang='lat' dir='ltr'>absit,</span> <span class='ocrx_word' id='word_1_56' title='bbox 1231 649 1269 689; x_wconf 91' lang='lat' dir='ltr'>in</span> <span class='ocrx_word' id='word_1_57' title='bbox 1311 661 1382 703; x_wconf 88' lang='lat' dir='ltr'>quo</span> <span class='ocrx_word' id='word_1_58' title='bbox 1423 659 1558 687; x_wconf 88' lang='lat' dir='ltr'>nomen</span> 
     </span>
     <span class='ocr_line' id='line_1_8' title="bbox 109 720 1555 782; baseline 0.003 -22"><span class='ocrx_word' id='word_1_59' title='bbox 109 720 268 762; x_wconf 83' lang='lat' dir='ltr'>auctoris</span> <span class='ocrx_word' id='word_1_60' title='bbox 303 735 387 764; x_wconf 74' lang='lat' dir='ltr'>ense</span> <span class='ocrx_word' id='word_1_61' title='bbox 423 722 567 773; x_wconf 81' lang='lat' dir='ltr'>debuit,</span> <span class='ocrx_word' id='word_1_62' title='bbox 605 725 713 767; x_wconf 86' lang='lat' dir='ltr'>valde</span> <span class='ocrx_word' id='word_1_63' title='bbox 748 727 912 782; x_wconf 82' lang='lat' dir='ltr'>suspicor</span> <span class='ocrx_word' id='word_1_64' title='bbox 945 734 1028 781; x_wconf 87' lang='lat' dir='ltr'>post</span> <span class='ocrx_word' id='word_1_65' title='bbox 1057 725 1183 768; x_wconf 82' lang='lat' dir='ltr'>Allatii</span> <span class='ocrx_word' id='word_1_66' title='bbox 1214 733 1371 768; x_wconf 84' lang='lat' dir='ltr'>aetatem</span> <span class='ocrx_word' id='word_1_67' title='bbox 1394 724 1432 767; x_wconf 91' lang='lat' dir='ltr'>id</span> <span class='ocrx_word' id='word_1_68' title='bbox 1458 722 1555 766; x_wconf 86' lang='lat' dir='ltr'>exci-</span> 
     </span>
     <span class='ocr_line' id='line_1_9' title="bbox 109 796 1558 860; baseline 0 -18"><span class='ocrx_word' id='word_1_69' title='bbox 109 796 227 846; x_wconf 76' lang='lat' dir='ltr'>disse,</span> <span class='ocrx_word' id='word_1_70' title='bbox 271 813 352 841; x_wconf 82' lang='lat' dir='ltr'>cum</span> <span class='ocrx_word' id='word_1_71' title='bbox 377 801 496 844; x_wconf 80' lang='lat' dir='ltr'>codex</span> <span class='ocrx_word' id='word_1_72' title='bbox 518 803 585 845; x_wconf 85' lang='lat' dir='ltr'>Pio</span> <span class='ocrx_word' id='word_1_73' title='bbox 609 803 660 845; x_wconf 83' lang='lat' dir='ltr'>vt</span> <span class='ocrx_word' id='word_1_74' title='bbox 684 811 881 860; x_wconf 89' lang='lat' dir='ltr'>regnante,</span> <span class='ocrx_word' id='word_1_75' title='bbox 919 805 1020 847; x_wconf 83' lang='lat' dir='ltr'>cuins</span> <span class='ocrx_word' id='word_1_76' title='bbox 1042 819 1134 847; x_wconf 81' lang='lat' dir='ltr'>nune</span> <span class='ocrx_word' id='word_1_77' title='bbox 1162 811 1350 847; x_wconf 79' lang='lat' dir='ltr'>stemmata</span> <span class='ocrx_word' id='word_1_78' title='bbox 1374 802 1494 859; x_wconf 87' lang='lat' dir='ltr'>gerit,</span> <span class='ocrx_word' id='word_1_79' title='bbox 1533 816 1558 842; x_wconf 90' lang='lat' dir='ltr'>a</span> 
     </span>
     <span class='ocr_line' id='line_1_10' title="bbox 107 876 1556 936; baseline 0.001 -18"><span class='ocrx_word' id='word_1_80' title='bbox 107 876 325 935; x_wconf 67' lang='lat' dir='ltr'>bibliopega</span> <span class='ocrx_word' id='word_1_81' title='bbox 357 889 563 936; x_wconf 80' lang='lat' dir='ltr'>compactus</span> <span class='ocrx_word' id='word_1_82' title='bbox 595 880 670 924; x_wconf 72' lang='lat' dir='ltr'>fuit.</span> <span class='ocrx_word' id='word_1_83' title='bbox 729 890 765 923; x_wconf 87' lang='lat' dir='ltr'>et</span> <span class='ocrx_word' id='word_1_84' title='bbox 796 896 885 923; x_wconf 84' lang='lat' dir='ltr'>sane</span> <span class='ocrx_word' id='word_1_85' title='bbox 915 882 1004 925; x_wconf 84' lang='lat' dir='ltr'>mihi</span> <span class='ocrx_word' id='word_1_86' title='bbox 1036 891 1183 925; x_wconf 86' lang='lat' dir='ltr'>narrant</span> <span class='ocrx_word' id='word_1_87' title='bbox 1213 876 1322 924; x_wconf 73' lang='lat' dir='ltr'>muita</span> <span class='ocrx_word' id='word_1_88' title='bbox 1352 878 1556 922; x_wconf 74' lang='lat' dir='ltr'>huiusmodi</span> 
     </span>
     <span class='ocr_line' id='line_1_11' title="bbox 107 947 1552 1016; baseline 0 -17"><span class='ocrx_word' id='word_1_89' title='bbox 107 957 239 1000; x_wconf 86' lang='lat' dir='ltr'>damna</span> <span class='ocrx_word' id='word_1_90' title='bbox 259 958 308 1000; x_wconf 81' lang='lat' dir='ltr'>ab</span> <span class='ocrx_word' id='word_1_91' title='bbox 332 947 526 1015; x_wconf 82' lang='lat' dir='ltr'>operarum</span> <span class='ocrx_word' id='word_1_92' title='bbox 550 960 691 1002; x_wconf 79' lang='lat' dir='ltr'>inscitia</span> <span class='ocrx_word' id='word_1_93' title='bbox 714 961 900 1004; x_wconf 76' lang='lat' dir='ltr'>Vaticanis</span> <span class='ocrx_word' id='word_1_94' title='bbox 920 961 1127 1011; x_wconf 80' lang='lat' dir='ltr'>codicibus,</span> <span class='ocrx_word' id='word_1_95' title='bbox 1151 962 1366 1016; x_wconf 85' lang='lat' dir='ltr'>praesertim</span> <span class='ocrx_word' id='word_1_96' title='bbox 1386 958 1552 1006; x_wconf 86' lang='lat' dir='ltr'>Graecis,</span> 
     </span>
     <span class='ocr_line' id='line_1_12' title="bbox 107 1036 1554 1102; baseline -0.001 -24"><span class='ocrx_word' id='word_1_97' title='bbox 107 1036 295 1080; x_wconf 82' lang='lat' dir='ltr'>accidisse.</span> <span class='ocrx_word' id='word_1_98' title='bbox 351 1037 419 1079; x_wconf 85' lang='lat' dir='ltr'>sed</span> <span class='ocrx_word' id='word_1_99' title='bbox 451 1037 501 1079; x_wconf 89' lang='lat' dir='ltr'>de</span> <span class='ocrx_word' id='word_1_100' title='bbox 532 1039 659 1081; x_wconf 89' lang='lat' dir='ltr'>codice</span> <span class='ocrx_word' id='word_1_101' title='bbox 681 1040 876 1102; x_wconf 80' lang='lat' dir='ltr'>hactenus.</span> <span class='ocrx_word' id='word_1_102' title='bbox 935 1042 1007 1083; x_wconf 88' lang='lat' dir='ltr'>iam</span> <span class='ocrx_word' id='word_1_103' title='bbox 1044 1055 1123 1082; x_wconf 91' lang='lat' dir='ltr'>cnm</span> <span class='ocrx_word' id='word_1_104' title='bbox 1156 1054 1275 1095; x_wconf 85' lang='lat' dir='ltr'>neque</span> <span class='ocrx_word' id='word_1_105' title='bbox 1298 1038 1473 1085; x_wconf 84' lang='lat' dir='ltr'>Allatins‚</span> <span class='ocrx_word' id='word_1_106' title='bbox 1517 1043 1554 1077; x_wconf 87' lang='lat' dir='ltr'>ut</span> 
     </span>
     <span class='ocr_line' id='line_1_13' title="bbox 107 1114 1553 1175; baseline -0.001 -19"><span class='ocrx_word' id='word_1_107' title='bbox 107 1115 210 1165; x_wconf 85' lang='lat' dir='ltr'>dixi,</span> <span class='ocrx_word' id='word_1_108' title='bbox 257 1129 376 1172; x_wconf 87' lang='lat' dir='ltr'>neque</span> <span class='ocrx_word' id='word_1_109' title='bbox 413 1116 477 1158; x_wconf 81' lang='lat' dir='ltr'>alii</span> <span class='ocrx_word' id='word_1_110' title='bbox 513 1118 643 1160; x_wconf 86' lang='lat' dir='ltr'>eruditi</span> <span class='ocrx_word' id='word_1_111' title='bbox 680 1120 867 1175; x_wconf 85' lang='lat' dir='ltr'>quicquam</span> <span class='ocrx_word' id='word_1_112' title='bbox 909 1119 957 1161; x_wconf 90' lang='lat' dir='ltr'>de</span> <span class='ocrx_word' id='word_1_113' title='bbox 998 1120 1222 1174; x_wconf 87' lang='lat' dir='ltr'>Ephraemio</span> <span class='ocrx_word' id='word_1_114' title='bbox 1266 1114 1553 1171; x_wconf 80' lang='lat' dir='ltr'>chronographo</span> 
     </span>
     <span class='ocr_line' id='line_1_14' title="bbox 103 1191 1557 1253; baseline -0.004 -16"><span class='ocrx_word' id='word_1_115' title='bbox 103 1207 257 1237; x_wconf 77' lang='lat' dir='ltr'>narrare</span> <span class='ocrx_word' id='word_1_116' title='bbox 292 1194 501 1245; x_wconf 84' lang='lat' dir='ltr'>videantur,</span> <span class='ocrx_word' id='word_1_117' title='bbox 544 1197 633 1238; x_wconf 89' lang='lat' dir='ltr'>mihi</span> <span class='ocrx_word' id='word_1_118' title='bbox 666 1197 811 1253; x_wconf 86' lang='lat' dir='ltr'>quidem</span> <span class='ocrx_word' id='word_1_119' title='bbox 841 1198 889 1239; x_wconf 86' lang='lat' dir='ltr'>de</span> <span class='ocrx_word' id='word_1_120' title='bbox 918 1199 999 1240; x_wconf 84' lang='lat' dir='ltr'>viro</span> <span class='ocrx_word' id='word_1_121' title='bbox 1027 1197 1100 1237; x_wconf 88' lang='lat' dir='ltr'>hoc</span> <span class='ocrx_word' id='word_1_122' title='bbox 1127 1196 1315 1252; x_wconf 81' lang='lat' dir='ltr'>quaerenti</span> <span class='ocrx_word' id='word_1_123' title='bbox 1341 1191 1557 1234; x_wconf 83' lang='lat' dir='ltr'>occurrebat</span> 
     </span>
     <span class='ocr_line' id='line_1_15' title="bbox 103 1272 1554 1329; baseline -0.003 -15"><span class='ocrx_word' id='word_1_124' title='bbox 103 1273 345 1329; x_wconf 78' lang='lat' dir='ltr'>Ephraemins</span> <span class='ocrx_word' id='word_1_125' title='bbox 380 1273 464 1322; x_wconf 87' lang='lat' dir='ltr'>ille,</span> <span class='ocrx_word' id='word_1_126' title='bbox 506 1288 614 1329; x_wconf 83' lang='lat' dir='ltr'>quem</span> <span class='ocrx_word' id='word_1_127' title='bbox 649 1274 845 1329; x_wconf 37' lang='lat' dir='ltr'>lohannes,</span> <span class='ocrx_word' id='word_1_128' title='bbox 863 1276 934 1315; x_wconf 83' lang='grc' dir='ltr'>ΧΠ</span> <span class='ocrx_word' id='word_1_129' title='bbox 974 1274 1184 1328; x_wconf 87' lang='lat' dir='ltr'>patriarcha</span> <span class='ocrx_word' id='word_1_130' title='bbox 1226 1272 1434 1329; x_wconf 85' lang='lat' dir='ltr'>Cpolitanns</span> <span class='ocrx_word' id='word_1_131' title='bbox 1469 1278 1554 1310; x_wconf 86' lang='lat' dir='ltr'>ante</span> 
     </span>
     <span class='ocr_line' id='line_1_16' title="bbox 105 1348 1552 1409; baseline -0.004 -15"><span class='ocrx_word' id='word_1_132' title='bbox 105 1366 246 1394; x_wconf 83' lang='lat' dir='ltr'>sacram</span> <span class='ocrx_word' id='word_1_133' title='bbox 276 1365 377 1393; x_wconf 85' lang='lat' dir='ltr'>snam</span> <span class='ocrx_word' id='word_1_134' title='bbox 408 1351 620 1407; x_wconf 84' lang='lat' dir='ltr'>dignitatem</span> <span class='ocrx_word' id='word_1_135' title='bbox 641 1350 818 1408; x_wconf 74' lang='lat' dir='ltr'>legitimis</span> <span class='ocrx_word' id='word_1_136' title='bbox 840 1353 971 1407; x_wconf 82' lang='lat' dir='ltr'>nuptiis</span> <span class='ocrx_word' id='word_1_137' title='bbox 994 1353 1139 1409; x_wconf 61' lang='lat' dir='ltr'>gemin</span> <span class='ocrx_word' id='word_1_138' title='bbox 1175 1351 1224 1392; x_wconf 95' lang='lat' dir='ltr'>de</span> <span class='ocrx_word' id='word_1_139' title='bbox 1246 1365 1319 1407; x_wconf 86' lang='lat' dir='ltr'>quo</span> <span class='ocrx_word' id='word_1_140' title='bbox 1343 1348 1552 1390; x_wconf 88' lang='lat' dir='ltr'>nominatim</span> 
     </span>
     <span class='ocr_line' id='line_1_17' title="bbox 105 1426 1551 1486; baseline -0.005 -14"><span class='ocrx_word' id='word_1_141' title='bbox 105 1430 330 1486; x_wconf 81' lang='lat' dir='ltr'>Ephraemio</span> <span class='ocrx_word' id='word_1_142' title='bbox 363 1429 480 1471; x_wconf 74' lang='lat' dir='ltr'>verba</span> <span class='ocrx_word' id='word_1_143' title='bbox 516 1429 604 1470; x_wconf 79' lang='lat' dir='ltr'>facit</span> <span class='ocrx_word' id='word_1_144' title='bbox 637 1428 882 1486; x_wconf 64' lang='lat' dir='ltr'>Pachymeres</span> <span class='ocrx_word' id='word_1_145' title='bbox 905 1431 942 1472; x_wconf 90' lang='lat' dir='ltr'>in</span> <span class='ocrx_word' id='word_1_146' title='bbox 965 1429 1143 1485; x_wconf 76' lang='lat' dir='ltr'>praedicti</span> <span class='ocrx_word' id='word_1_147' title='bbox 1166 1427 1399 1485; x_wconf 83' lang='lat' dir='ltr'>patriarchae</span> <span class='ocrx_word' id='word_1_148' title='bbox 1423 1426 1551 1467; x_wconf 87' lang='lat' dir='ltr'>notitia</span> 
     </span>
    </p>
   </div>
   <div class='ocr_carea' id='block_1_3' title="bbox 31 1504 1552 1564">
    <p class='ocr_par' dir='ltr' id='par_1_3' title="bbox 31 1504 1552 1564">
     <span class='ocr_line' id='line_1_18' title="bbox 31 1504 1552 1564; baseline -0.006 -12"><span class='ocrx_word' id='word_1_149' title='bbox 31 1504 34 1507; x_wconf 39' lang='grc'>“</span> <span class='ocrx_word' id='word_1_150' title='bbox 105 1519 191 1552; x_wconf 89' lang='lat' dir='ltr'>tom.</span> <span class='ocrx_word' id='word_1_151' title='bbox 218 1514 243 1554; x_wconf 85' lang='lat'>2</span> <span class='ocrx_word' id='word_1_152' title='bbox 271 1509 335 1551; x_wconf 79' lang='lat' dir='ltr'>lib.</span> <span class='ocrx_word' id='word_1_153' title='bbox 361 1508 389 1549; x_wconf 80' lang='lat'>4</span> <span class='ocrx_word' id='word_1_154' title='bbox 423 1512 496 1556; x_wconf 88' lang='lat'>11,</span> <span class='ocrx_word' id='word_1_155' title='bbox 538 1507 622 1549; x_wconf 90' lang='lat' dir='ltr'>dum</span> <span class='ocrx_word' id='word_1_156' title='bbox 657 1510 708 1550; x_wconf 86' lang='lat' dir='ltr'>ait</span> <span class='ocrx_word' id='word_1_157' title='bbox 744 1510 938 1564; x_wconf 83' lang='lat' dir='ltr'>episcopos</span> <span class='ocrx_word' id='word_1_158' title='bbox 974 1510 1069 1550; x_wconf 89' lang='lat' dir='ltr'>inter</span> <span class='ocrx_word' id='word_1_159' title='bbox 1104 1516 1247 1549; x_wconf 82' lang='lat' dir='ltr'>ceteras</span> <span class='ocrx_word' id='word_1_160' title='bbox 1282 1505 1552 1548; x_wconf 80' lang='lat' dir='ltr'>criminationes</span> 
     </span>
    </p>
   </div>
   <div class='ocr_carea' id='block_1_4' title="bbox 101 1582 1551 2427">
    <p class='ocr_par' dir='ltr' id='par_1_4' title="bbox 101 1582 1551 2427">
     <span class='ocr_line' id='line_1_19' title="bbox 102 1582 1551 1645; baseline -0.007 -14"><span class='ocrx_word' id='word_1_161' title='bbox 102 1588 348 1645; x_wconf 81' lang='lat' dir='ltr'>patriarcham</span> <span class='ocrx_word' id='word_1_162' title='bbox 376 1585 660 1642; x_wconf 72' lang='lat' dir='ltr'>reprehendioee</span> <span class='ocrx_word' id='word_1_163' title='bbox 692 1586 788 1642; x_wconf 88' lang='lat' dir='ltr'>qnod</span> <span class='ocrx_word' id='word_1_164' title='bbox 810 1586 908 1627; x_wconf 86' lang='lat' dir='ltr'>bona</span> <span class='ocrx_word' id='word_1_165' title='bbox 931 1586 1112 1629; x_wconf 83' lang='lat' dir='ltr'>ecclesiae</span> <span class='ocrx_word' id='word_1_166' title='bbox 1135 1586 1360 1641; x_wconf 86' lang='lat' dir='ltr'>Ephraemio</span> <span class='ocrx_word' id='word_1_167' title='bbox 1383 1582 1461 1623; x_wconf 80' lang='lat' dir='ltr'>titio</span> <span class='ocrx_word' id='word_1_168' title='bbox 1484 1594 1551 1623; x_wconf 87' lang='lat' dir='ltr'>sno</span> 
     </span>
     <span class='ocr_line' id='line_1_20' title="bbox 105 1661 1548 1724; baseline -0.008 -14"><span class='ocrx_word' id='word_1_169' title='bbox 105 1668 345 1724; x_wconf 86' lang='lat' dir='ltr'>dispensanda</span> <span class='ocrx_word' id='word_1_170' title='bbox 376 1664 618 1721; x_wconf 84' lang='lat' dir='ltr'>relinqueret,</span> <span class='ocrx_word' id='word_1_171' title='bbox 651 1679 725 1707; x_wconf 87' lang='lat' dir='ltr'>non</span> <span class='ocrx_word' id='word_1_172' title='bbox 754 1667 943 1707; x_wconf 86' lang='lat' dir='ltr'>constituto</span> <span class='ocrx_word' id='word_1_173' title='bbox 973 1674 1078 1722; x_wconf 87' lang='lat' dir='ltr'>prout</span> <span class='ocrx_word' id='word_1_174' title='bbox 1106 1665 1215 1722; x_wconf 86' lang='lat' dir='ltr'>leges</span> <span class='ocrx_word' id='word_1_175' title='bbox 1242 1661 1414 1705; x_wconf 87' lang='lat' dir='ltr'>iubebant</span> <span class='ocrx_word' id='word_1_176' title='bbox 1441 1673 1548 1701; x_wconf 85' lang='lat' dir='ltr'>oeco-</span> 
     </span>
     <span class='ocr_line' id='line_1_21' title="bbox 103 1739 1548 1802; baseline -0.007 -14"><span class='ocrx_word' id='word_1_177' title='bbox 103 1761 226 1790; x_wconf 89' lang='lat' dir='ltr'>nomo.</span> <span class='ocrx_word' id='word_1_178' title='bbox 284 1758 421 1802; x_wconf 71' lang='lat' dir='ltr'>reapse</span> <span class='ocrx_word' id='word_1_179' title='bbox 452 1752 489 1784; x_wconf 84' lang='lat' dir='ltr'>et</span> <span class='ocrx_word' id='word_1_180' title='bbox 522 1751 649 1784; x_wconf 80' lang='lat' dir='ltr'>noster</span> <span class='ocrx_word' id='word_1_181' title='bbox 677 1743 980 1800; x_wconf 76' lang='lat' dir='ltr'>chronographus</span> <span class='ocrx_word' id='word_1_182' title='bbox 1003 1746 1041 1785; x_wconf 90' lang='lat' dir='ltr'>in</span> <span class='ocrx_word' id='word_1_183' title='bbox 1063 1743 1355 1800; x_wconf 85' lang='lat' dir='ltr'>patriarcharum</span> <span class='ocrx_word' id='word_1_184' title='bbox 1379 1739 1548 1793; x_wconf 84' lang='lat' dir='ltr'>catalogo</span> 
     </span>
     <span class='ocr_line' id='line_1_22' title="bbox 101 1817 1551 1876; baseline -0.007 -9"><span class='ocrx_word' id='word_1_185' title='bbox 101 1833 278 1867; x_wconf 84' lang='lat' dir='ltr'>memorat</span> <span class='ocrx_word' id='word_1_186' title='bbox 303 1823 496 1865; x_wconf 77' lang='lat' dir='ltr'>masculum</span> <span class='ocrx_word' id='word_1_187' title='bbox 523 1820 693 1863; x_wconf 82' lang='lat' dir='ltr'>Iohannis</span> <span class='ocrx_word' id='word_1_188' title='bbox 708 1822 775 1863; x_wconf 85' lang='grc' dir='ltr'>ΧΠ</span> <span class='ocrx_word' id='word_1_189' title='bbox 803 1822 937 1870; x_wconf 84' lang='lat' dir='ltr'>filium;</span> <span class='ocrx_word' id='word_1_190' title='bbox 965 1822 1032 1864; x_wconf 84' lang='lat' dir='ltr'>sed</span> <span class='ocrx_word' id='word_1_191' title='bbox 1056 1822 1104 1863; x_wconf 91' lang='lat' dir='ltr'>de</span> <span class='ocrx_word' id='word_1_192' title='bbox 1127 1836 1168 1863; x_wconf 82' lang='lat' dir='ltr'>se</span> <span class='ocrx_word' id='word_1_193' title='bbox 1193 1822 1273 1876; x_wconf 89' lang='lat' dir='ltr'>ipso</span> <span class='ocrx_word' id='word_1_194' title='bbox 1296 1819 1393 1860; x_wconf 90' lang='lat' dir='ltr'>hand</span> <span class='ocrx_word' id='word_1_195' title='bbox 1415 1817 1551 1858; x_wconf 83' lang='lat' dir='ltr'>diserte</span> 
     </span>
     <span class='ocr_line' id='line_1_23' title="bbox 102 1883 1548 1960; baseline -0.007 -15"><span class='ocrx_word' id='word_1_196' title='bbox 102 1904 201 1959; x_wconf 87' lang='lat' dir='ltr'>loqui</span> <span class='ocrx_word' id='word_1_197' title='bbox 242 1902 430 1960; x_wconf 82' lang='lat' dir='ltr'>significat.</span> <span class='ocrx_word' id='word_1_198' title='bbox 490 1910 527 1943; x_wconf 89' lang='lat' dir='ltr'>et</span> <span class='ocrx_word' id='word_1_199' title='bbox 562 1883 682 1942; x_wconf 70' lang='lat' dir='ltr'>tamen</span> <span class='ocrx_word' id='word_1_200' title='bbox 717 1908 819 1942; x_wconf 85' lang='lat' dir='ltr'>aetas</span> <span class='ocrx_word' id='word_1_201' title='bbox 859 1901 1026 1956; x_wconf 85' lang='lat' dir='ltr'>apprime</span> <span class='ocrx_word' id='word_1_202' title='bbox 1065 1899 1251 1955; x_wconf 82' lang='lat' dir='ltr'>congruit:</span> <span class='ocrx_word' id='word_1_203' title='bbox 1294 1910 1448 1952; x_wconf 88' lang='lat' dir='ltr'>namque</span> <span class='ocrx_word' id='word_1_204' title='bbox 1485 1896 1548 1936; x_wconf 84' lang='lat' dir='ltr'>hic</span> 
     </span>
     <span class='ocr_line' id='line_1_24' title="bbox 101 1971 1545 2037; baseline -0.007 -13"><span class='ocrx_word' id='word_1_205' title='bbox 101 1982 283 2025; x_wconf 85' lang='lat' dir='ltr'>lohannes</span> <span class='ocrx_word' id='word_1_206' title='bbox 332 1980 614 2037; x_wconf 80' lang='lat' dir='ltr'>patriarchatum</span> <span class='ocrx_word' id='word_1_207' title='bbox 655 1979 798 2020; x_wconf 88' lang='lat' dir='ltr'>retinuit</span> <span class='ocrx_word' id='word_1_208' title='bbox 838 1992 949 2033; x_wconf 87' lang='lat' dir='ltr'>usque</span> <span class='ocrx_word' id='word_1_209' title='bbox 990 1976 1039 2017; x_wconf 89' lang='lat' dir='ltr'>ad</span> <span class='ocrx_word' id='word_1_210' title='bbox 1081 1976 1217 2016; x_wconf 84' lang='lat' dir='ltr'>Christi</span> <span class='ocrx_word' id='word_1_211' title='bbox 1259 1989 1386 2015; x_wconf 89' lang='lat' dir='ltr'>annum</span> <span class='ocrx_word' id='word_1_212' title='bbox 1426 1971 1545 2022; x_wconf 83' lang='lat'><strong>1304,</strong></span> 
     </span>
     <span class='ocr_line' id='line_1_25' title="bbox 102 2050 1547 2112; baseline -0.008 -10"><span class='ocrx_word' id='word_1_213' title='bbox 102 2069 227 2102; x_wconf 85' lang='lat' dir='ltr'>noster</span> <span class='ocrx_word' id='word_1_214' title='bbox 267 2067 384 2100; x_wconf 88' lang='lat' dir='ltr'>autem</span> <span class='ocrx_word' id='word_1_215' title='bbox 424 2057 666 2112; x_wconf 89' lang='lat' dir='ltr'>Ephraemius</span> <span class='ocrx_word' id='word_1_216' title='bbox 707 2056 904 2097; x_wconf 87' lang='lat' dir='ltr'>chronicon</span> <span class='ocrx_word' id='word_1_217' title='bbox 942 2070 1042 2096; x_wconf 84' lang='lat' dir='ltr'>sumn</span> <span class='ocrx_word' id='word_1_218' title='bbox 1077 2068 1173 2095; x_wconf 88' lang='lat' dir='ltr'>anno</span> <span class='ocrx_word' id='word_1_219' title='bbox 1212 2055 1320 2095; x_wconf 82' lang='lat'><strong>1313</strong></span> <span class='ocrx_word' id='word_1_220' title='bbox 1356 2050 1547 2093; x_wconf 87' lang='lat' dir='ltr'>concludit.</span> 
     </span>
     <span class='ocr_line' id='line_1_26' title="bbox 102 2128 1544 2195; baseline -0.009 -13"><span class='ocrx_word' id='word_1_221' title='bbox 102 2140 176 2182; x_wconf 79' lang='lat' dir='ltr'>iam</span> <span class='ocrx_word' id='word_1_222' title='bbox 203 2135 278 2195; x_wconf 78' lang='lat' dir='ltr'>ego</span> <span class='ocrx_word' id='word_1_223' title='bbox 307 2137 424 2178; x_wconf 81' lang='lat' dir='ltr'>fontes</span> <span class='ocrx_word' id='word_1_224' title='bbox 448 2134 716 2190; x_wconf 87' lang='lat' dir='ltr'>Ephraemicae</span> <span class='ocrx_word' id='word_1_225' title='bbox 744 2133 1008 2189; x_wconf 85' lang='lat' dir='ltr'>chronologiae</span> <span class='ocrx_word' id='word_1_226' title='bbox 1034 2132 1217 2188; x_wconf 88' lang='lat' dir='ltr'>comperi,</span> <span class='ocrx_word' id='word_1_227' title='bbox 1258 2131 1441 2172; x_wconf 86' lang='lat' dir='ltr'>Zonaram</span> <span class='ocrx_word' id='word_1_228' title='bbox 1469 2128 1544 2182; x_wconf 83' lang='lat' dir='ltr'>qui-</span> 
     </span>
     <span class='ocr_line' id='line_1_27' title="bbox 103 2208 1546 2271; baseline -0.007 -14"><span class='ocrx_word' id='word_1_229' title='bbox 103 2216 186 2258; x_wconf 84' lang='lat' dir='ltr'>dem</span> <span class='ocrx_word' id='word_1_230' title='bbox 212 2229 325 2271; x_wconf 82' lang='lat' dir='ltr'>nsque</span> <span class='ocrx_word' id='word_1_231' title='bbox 352 2214 401 2255; x_wconf 88' lang='lat' dir='ltr'>ad</span> <span class='ocrx_word' id='word_1_232' title='bbox 427 2213 551 2255; x_wconf 81' lang='lat' dir='ltr'>Alexii</span> <span class='ocrx_word' id='word_1_233' title='bbox 578 2213 596 2253; x_wconf 95' lang='lat'>1</span> <span class='ocrx_word' id='word_1_234' title='bbox 638 2212 814 2254; x_wconf 73' lang='lat' dir='ltr'>Comneni</span> <span class='ocrx_word' id='word_1_235' title='bbox 842 2212 975 2254; x_wconf 86' lang='lat' dir='ltr'>obitum</span> <span class='ocrx_word' id='word_1_236' title='bbox 989 2243 1000 2259; x_wconf 94' lang='lat'>‚</span> <span class='ocrx_word' id='word_1_237' title='bbox 1041 2210 1211 2252; x_wconf 87' lang='lat' dir='ltr'>Nicetam</span> <span class='ocrx_word' id='word_1_238' title='bbox 1248 2208 1462 2250; x_wconf 86' lang='lat' dir='ltr'>Choniatam</span> <span class='ocrx_word' id='word_1_239' title='bbox 1490 2221 1546 2246; x_wconf 88' lang='lat' dir='ltr'>us-</span> 
     </span>
     <span class='ocr_line' id='line_1_28' title="bbox 104 2285 1547 2347; baseline -0.007 -12"><span class='ocrx_word' id='word_1_240' title='bbox 104 2307 176 2347; x_wconf 85' lang='lat' dir='ltr'>que</span> <span class='ocrx_word' id='word_1_241' title='bbox 202 2293 251 2334; x_wconf 83' lang='lat' dir='ltr'>ad</span> <span class='ocrx_word' id='word_1_242' title='bbox 276 2293 486 2336; x_wconf 85' lang='lat' dir='ltr'>Balduinum</span> <span class='ocrx_word' id='word_1_243' title='bbox 512 2291 530 2331; x_wconf 90' lang='lat' dir='ltr'>l</span> <span class='ocrx_word' id='word_1_244' title='bbox 571 2291 847 2346; x_wconf 83' lang='lat' dir='ltr'>imperatorem,</span> <span class='ocrx_word' id='word_1_245' title='bbox 892 2290 1024 2332; x_wconf 85' lang='lat' dir='ltr'>deinde</span> <span class='ocrx_word' id='word_1_246' title='bbox 1060 2303 1151 2330; x_wconf 86' lang='lat' dir='ltr'>vero</span> <span class='ocrx_word' id='word_1_247' title='bbox 1191 2287 1392 2343; x_wconf 83' lang='lat' dir='ltr'>Georgium</span> <span class='ocrx_word' id='word_1_248' title='bbox 1431 2285 1547 2326; x_wconf 84' lang='lat' dir='ltr'>Acro·</span> 
     </span>
     <span class='ocr_line' id='line_1_29' title="bbox 103 2361 1544 2427; baseline -0.005 -15"><span class='ocrx_word' id='word_1_249' title='bbox 103 2371 265 2426; x_wconf 86' lang='lat' dir='ltr'>politam.</span> <span class='ocrx_word' id='word_1_250' title='bbox 318 2361 396 2427; x_wconf 84' lang='lat' dir='ltr'>age</span> <span class='ocrx_word' id='word_1_251' title='bbox 423 2383 514 2411; x_wconf 87' lang='lat' dir='ltr'>vero</span> <span class='ocrx_word' id='word_1_252' title='bbox 541 2369 638 2424; x_wconf 83' lang='lat' dir='ltr'>quod</span> <span class='ocrx_word' id='word_1_253' title='bbox 666 2368 908 2424; x_wconf 83' lang='lat' dir='ltr'>Ephraemius</span> <span class='ocrx_word' id='word_1_254' title='bbox 935 2368 1126 2410; x_wconf 83' lang='lat' dir='ltr'>historiam</span> <span class='ocrx_word' id='word_1_255' title='bbox 1153 2366 1296 2420; x_wconf 74' lang='lat' dir='ltr'>poetico</span> <span class='ocrx_word' id='word_1_256' title='bbox 1320 2373 1437 2406; x_wconf 82' lang='lat' dir='ltr'>metro</span> <span class='ocrx_word' id='word_1_257' title='bbox 1460 2377 1544 2405; x_wconf 84' lang='lat' dir='ltr'>oon-</span> 
     </span>
    </p>
   </div>
   <div class='ocr_carea' id='block_1_5' title="bbox 106 2487 376 2495">
    <p class='ocr_par' dir='ltr' id='par_1_5' title="bbox 106 2487 376 2495">
     <span class='ocr_line' id='line_1_30' title="bbox 106 2487 376 2495; baseline 0 585"><span class='ocrx_word' id='word_1_258' title='bbox 106 2487 376 2495; x_wconf 95' lang='lat' dir='ltr'> </span> 
     </span>
    </p>
   </div>
   <div class='ocr_carea' id='block_1_6' title="bbox 103 2575 1544 2782">
    <p class='ocr_par' dir='ltr' id='par_1_6' title="bbox 103 2575 1544 2782">
     <span class='ocr_line' id='line_1_31' title="bbox 106 2575 1544 2625; baseline -0.003 -10"><span class='ocrx_word' id='word_1_259' title='bbox 106 2579 268 2624; x_wconf 72' lang='grc' dir='ltr'><strong><em>ἔμκαθεῖ</em></strong></span> <span class='ocrx_word' id='word_1_260' title='bbox 291 2577 383 2625; x_wconf 66' lang='grc' dir='ltr'>θέᾳ,</span> <span class='ocrx_word' id='word_1_261' title='bbox 418 2583 457 2614; x_wconf 81' lang='lat' dir='ltr'>at</span> <span class='ocrx_word' id='word_1_262' title='bbox 483 2580 631 2616; x_wconf 77' lang='lat' dir='ltr'>Allntins</span> <span class='ocrx_word' id='word_1_263' title='bbox 660 2581 727 2615; x_wconf 86' lang='lat' dir='ltr'>loc.</span> <span class='ocrx_word' id='word_1_264' title='bbox 758 2579 820 2614; x_wconf 84' lang='lat' dir='ltr'>cit.</span> <span class='ocrx_word' id='word_1_265' title='bbox 849 2577 1001 2622; x_wconf 75' lang='grc' dir='ltr'><strong><em>ἐμπαθῆ</em></strong></span> <span class='ocrx_word' id='word_1_266' title='bbox 1033 2576 1143 2612; x_wconf 78' lang='grc' dir='ltr'><strong><em>θέαν.</em></strong></span> <span class='ocrx_word' id='word_1_267' title='bbox 1190 2577 1280 2622; x_wconf 83' lang='lat' dir='ltr'>apud</span> <span class='ocrx_word' id='word_1_268' title='bbox 1311 2588 1364 2611; x_wconf 94' lang='lat' dir='ltr'>me</span> <span class='ocrx_word' id='word_1_269' title='bbox 1394 2587 1431 2610; x_wconf 85' lang='lat' dir='ltr'>v.</span> <span class='ocrx_word' id='word_1_270' title='bbox 1454 2575 1544 2610; x_wconf 75' lang='lat'><strong>7404</strong></span> 
     </span>
     <span class='ocr_line' id='line_1_32' title="bbox 105 2631 1544 2678; baseline -0.003 -8"><span class='ocrx_word' id='word_1_271' title='bbox 105 2632 410 2674; x_wconf 68' lang='grc' dir='ltr'>ἐπεισπεπαιιῶςε</span> <span class='ocrx_word' id='word_1_272' title='bbox 431 2639 469 2670; x_wconf 84' lang='lat' dir='ltr'>at</span> <span class='ocrx_word' id='word_1_273' title='bbox 488 2635 631 2672; x_wconf 78' lang='lat' dir='ltr'>Allatins</span> <span class='ocrx_word' id='word_1_274' title='bbox 653 2637 722 2671; x_wconf 85' lang='lat' dir='ltr'>loc.</span> <span class='ocrx_word' id='word_1_275' title='bbox 746 2636 807 2670; x_wconf 79' lang='lat' dir='ltr'>cit.</span> <span class='ocrx_word' id='word_1_276' title='bbox 828 2631 1136 2672; x_wconf 73' lang='grc' dir='ltr'>ἔπεωπεπτωκός.</span> <span class='ocrx_word' id='word_1_277' title='bbox 1181 2633 1273 2678; x_wconf 83' lang='lat' dir='ltr'>apud</span> <span class='ocrx_word' id='word_1_278' title='bbox 1295 2644 1350 2667; x_wconf 86' lang='lat' dir='ltr'>me</span> <span class='ocrx_word' id='word_1_279' title='bbox 1371 2643 1408 2667; x_wconf 77' lang='lat' dir='ltr'>v.</span> <span class='ocrx_word' id='word_1_280' title='bbox 1435 2632 1544 2667; x_wconf 84' lang='grc'><strong>10355</strong></span> 
     </span>
     <span class='ocr_line' id='line_1_33' title="bbox 103 2687 1543 2781; baseline -0.003 -57"><span class='ocrx_word' id='word_1_281' title='bbox 103 2702 175 2781; x_wconf 51' lang='grc' dir='ltr'>ἔω.</span> <span class='ocrx_word' id='word_1_282' title='bbox 194 2696 232 2727; x_wconf 84' lang='lat' dir='ltr'>et</span> <span class='ocrx_word' id='word_1_283' title='bbox 264 2691 374 2730; x_wconf 75' lang='lat'><strong>10359</strong></span> <span class='ocrx_word' id='word_1_284' title='bbox 404 2688 551 2731; x_wconf 71' lang='grc' dir='ltr'><strong><em>ἐκδούςε</em></strong></span> <span class='ocrx_word' id='word_1_285' title='bbox 582 2697 620 2727; x_wconf 81' lang='lat' dir='ltr'>at</span> <span class='ocrx_word' id='word_1_286' title='bbox 650 2692 794 2728; x_wconf 74' lang='lat' dir='ltr'>Anatim</span> <span class='ocrx_word' id='word_1_287' title='bbox 823 2702 898 2726; x_wconf 77' lang='grc' dir='ltr'>που</span> <span class='ocrx_word' id='word_1_288' title='bbox 930 2696 966 2726; x_wconf 88' lang='lat' dir='ltr'>et</span> <span class='ocrx_word' id='word_1_289' title='bbox 995 2687 1148 2733; x_wconf 67' lang='grc' dir='ltr'><strong><em>ἐνδούς,</em></strong></span> <span class='ocrx_word' id='word_1_290' title='bbox 1179 2694 1219 2724; x_wconf 83' lang='lat' dir='ltr'>ut</span> <span class='ocrx_word' id='word_1_291' title='bbox 1245 2689 1388 2735; x_wconf 86' lang='lat' dir='ltr'>proprio</span> <span class='ocrx_word' id='word_1_292' title='bbox 1409 2689 1445 2723; x_wconf 87' lang='lat' dir='ltr'>in</span> <span class='ocrx_word' id='word_1_293' title='bbox 1467 2688 1543 2722; x_wconf 88' lang='lat' dir='ltr'>loco</span> 
     </span>
     <span class='ocr_line' id='line_1_34' title="bbox 129 2758 189 2782; baseline -0.033 0"><span class='ocrx_word' id='word_1_294' title='bbox 129 2758 189 2782; x_wconf 72' lang='grc' dir='ltr'>ιιι.</span> 
     </span>
    </p>
   </div>
  </div>
 </body>
</html>
