1786 3080
239 125 336 175 344
785 129 1105 174 EPHRAEMIU
1105 131 1135 174 S

376 235 423 284 οὗ
447 239 646 297 διαγαγὼν
665 241 855 296 βασιλεὺς
874 242 1030 300 βραχὺν
1046 238 1207 298 χρόνον,

376 311 442 352 καὶ
465 311 620 359 διαθεὶς
642 308 799 353 ἅπαντα
818 308 1005 366 καθάπερ
1028 311 1130 361 δέον,

241 381 349 423 8565
370 378 524 434 χαίρων
541 377 785 430 ἐπανέζευξεν
807 381 861 429 εἷς
883 379 934 421 ἕω
952 376 1112 429 τόπους,

373 443 618 500 ὗμνούμενος
635 444 833 499 ξύμπασιν
853 445 906 497 ὡς
923 444 1152 503 νικηφόρος,

376 514 491 570 ἀφεὶς
507 513 727 569 στρατηγὸν
745 518 824 557 τῶν
843 516 1012 558 δυτικῶν
1030 511 1244 569 ταγμάτων

376 579 533 623 πάντων
551 579 762 636 ἐπιστάτην
777 598 818 624 τε
833 587 978 639 χωρῶν
995 581 1144 624 ἀστέων

375 646 654 704 Παλαιολόγον
671 649 712 691 ἐν
729 651 972 703 δομεστίκοις
988 649 1126 705 μέγαν,

245 719 354 760 8570
377 716 505 773 ἄνδρα
525 718 764 773 στρατηγίας
784 734 826 760 τε
845 720 912 760 zai
931 715 1063 772 μάχης
1082 717 1186 773 ἴδριν

378 786 443 826 καὶ
463 786 736 835 παντοδαπαῖς
751 789 961 836 καλλοναῖς
979 785 1242 839 ἠνθισμένον·

327 862 339 871 '
379 851 448 894 τὸν
471 851 511 894 δ’
537 846 590 894 αὖ
614 853 824 907 Κομνηνὸν
843 853 1016 907 Μιχαὴλ
1035 851 1177 895 τούτου
1195 850 1323 908 γόνον,

379 919 447 962 τὸν
464 918 645 976 ὑστέροις
663 919 838 977 ἄρξαντα
851 919 1057 975 Ῥωμαίων
1071 917 1246 976 χρόνοις,

380 989 598 1030 ἐπιστατεῖν
616 991 777 1045 Σερρῶν
797 1005 839 1031 τε
859 990 926 1031 καὶ
946 989 1168 1032 Μελενίκου

250 1057 358 1098 8575
384 1057 450 1097 καὶ
468 1059 539 1097 τοῦ
556 1056 703 1109 μεταξὺ
727 1058 794 1098 καὶ
816 1056 928 1113 πέριξ
949 1054 1100 1099 τούτων
1117 1053 1256 1098 τόπου.

385 1124 451 1165 καὶ
472 1120 591 1164 πάλιν
610 1122 755 1172 ἄλλους
773 1123 948 1178 ἀλλαχοῦ
966 1127 1037 1179 γῆς
1054 1124 1121 1165 καὶ
1135 1121 1258 1165 τόπου

385 1190 518 1246 ἄρχειν
539 1191 660 1247 ἐφῆκε
678 1193 744 1233 καὶ
767 1189 987 1234 διευθύνειν
1006 1188 1151 1240 πόλεις.

386 1255 620 1315 Δημήτριον
643 1259 686 1300 δὲ
707 1260 940 1301 Λεντιανῶν
962 1260 1004 1301 ἐν
1024 1257 1134 1300 πόλει

382 1325 613 1382 ἔμφρουρον
632 1324 731 1380 εἶχεν
752 1323 794 1368 ἐν
810 1331 954 1383 μακρῷ
974 1325 1272 1381 καθειργμένον.

254 1395 364 1436 8580
467 1396 555 1434 Τοῦ
574 1393 616 1435 δ’
640 1393 864 1450 ἀρχιθῦτου
885 1396 925 1435 Γ
923 1397 1093 1450 ερμανοῢ
1113 1392 1357 1444 Βυζαντίδος

386 1461 476 1514 βίον
494 1458 675 1511 λιπόντος
693 1463 759 1503 καὶ
781 1462 854 1503 σὺν
874 1461 1069 1518 αὗτῴτὸν
1086 1458 1251 1516 θρόνον,

391 1527 692 1583 ἀναδραμόντος
712 1529 752 1570 δ’
777 1531 831 1579 εἷς
847 1528 975 1582 μονὰς
993 1528 1189 1579 αἶωνίους,

389 1592 605 1645 Μεθόδιός
622 1613 682 1645 τις
700 1596 742 1637 ἐκ
760 1600 886 1650 μονῆς
900 1594 1118 1637 εῩακίνθου

391 1663 453 1704 ἐπὶ
474 1660 692 1718 βράχιστον
710 1656 1015 1719 παραλαμβάνει
1041 1660 1201 1716 θρόνον.

258 1727 366 1771 8585
391 1727 533 1772 τούτου
555 1728 751 1780 θανόντος
770 1733 824 1780 εἷς
840 1729 994 1786 μακρὸν
1009 1727 1157 1785 χρόνου
1173 1724 1323 1783 θρόνος

391 1797 540 1855 ἕρημος
556 1795 661 1852 ὖπῆν
678 1798 863 1852 ποιμένος
882 1799 949 1839 καὶ
968 1795 1208 1853 προστάτου.

475 1864 599 1906 Μετὰ
618 1866 661 1907 δὲ
679 1865 822 1922 μικρὸν
842 1867 908 1907 καὶ
926 1864 1157 1919 δομέστικος
1171 1861 1295 1918 μέγας

393 1929 673 1988 Παλαιολόγος
691 1934 887 1987 ἐξαμείβει
904 1932 974 1975 τὸν
989 1933 1093 1986 βίον,

393 1998 445 2039 τὰ
466 2003 545 2041 τῶν
562 2005 747 2054 μοναχῶν
766 2002 948 2050 ἓνδυθεὶς
968 2001 1060 2056 πρὶν
1081 1996 1136 2048 ὥς
1155 1997 1295 2052 θέμις·

262 2123 498 2170 ordinatisque
519 2126 623 2160 rebus
646 2137 689 2160 ex
711 2127 884 2163 sententia
915 2127 1036 2171 (8565)
1067 2127 1176 2161 laetus
1197 2125 1242 2160 ad
1265 2136 1346 2160 eoas
1366 2124 1563 2172 provincias
1584 2125 1700 2171 rediit,

263 2181 285 2203 a
319 2171 452 2205 cunctis
484 2171 673 2205 celebratus
704 2183 769 2206 ceu
798 2174 1040 2218 triumphator.
1085 2171 1226 2216 reliquit
1258 2176 1370 2205 autem
1402 2172 1576 2206 exercitus
1608 2173 1701 2206 occi-

264 2214 325 2248 dui
355 2216 616 2260 generalemque
647 2217 781 2252 urbium
813 2225 982 2252 rectorem
1017 2228 1171 2261 magnum
1200 2217 1420 2251 domesticum
1449 2217 1702 2262 Pabeobgnm,

265 2260 391 2305 (8570)
412 2261 559 2296 ducendi
580 2263 820 2307 pugnandique
842 2263 1104 2298 scientissimum
1124 2267 1227 2305 atque
1249 2261 1455 2296 ornamentis
1476 2263 1703 2296 abundantem

266 2305 435 2341 omnibus.
480 2306 581 2341 huius
603 2318 687 2340 vero
711 2308 816 2342 filium
839 2309 1043 2343 Michaelem
1065 2307 1290 2350 Commenum,
1322 2307 1383 2351 qui
1411 2306 1492 2341 dein
1511 2307 1703 2342 Romanum
1770 2339 1772 2342 ,

266 2350 378 2385 tenuit
399 2351 597 2396 imperium,
619 2352 735 2386 Sertis
760 2355 929 2398 praefecit
951 2359 1055 2398 atque
1075 2351 1247 2386 Melenico
1273 2352 1396 2396 (8575)
1419 2357 1454 2386 et
1475 2351 1704 2386 circumiectis

268 2396 423 2430 omnibus
456 2396 668 2441 regionibus.
715 2398 801 2432 alios
835 2403 1017 2443 praeterea
1045 2397 1167 2432 statuit
1195 2398 1392 2441 praefectos
1413 2397 1574 2441 regendis
1595 2397 1704 2431 variis

269 2440 410 2475 urbibus
433 2453 475 2475 ac
496 2441 697 2487 provinciis.
742 2443 950 2479 Demetrium
981 2447 1094 2478 autem
1115 2441 1152 2476 in
1174 2443 1259 2476 urbe
1280 2442 1460 2476 Lentianis
1481 2442 1542 2476 diu
1562 2442 1705 2478 retinuit

269 2486 476 2520 custoditum
502 2498 652 2521 carcere.

358 2531 483 2574 (8580)
504 2533 576 2566 Iam
598 2532 796 2578 pau-iarcha
815 2532 978 2576 Byzantii
1000 2533 1173 2567 Germano
1195 2531 1301 2566 vitam
1322 2532 1504 2576 sedemque
1525 2530 1625 2564 simul
1645 2542 1702 2564 re-

267 2572 457 2620 linquente,
481 2581 519 2610 ut
541 2577 578 2610 in
599 2582 758 2612 aeternas
780 2579 947 2612 stationes
969 2582 1150 2623 pergeret3
1174 2577 1371 2611 Methodius
1393 2576 1529 2622 quidam
1544 2576 1588 2610 de
1603 2575 1703 2620 Hya-

267 2619 377 2652 cinthi
402 2622 567 2655 coenobio
592 2622 719 2657 insedit
741 2622 861 2657 solium
885 2629 1038 2667 tempore
1059 2621 1285 2664 brevissim03
1317 2622 1442 2666 (8585)
1471 2631 1539 2666 quo
1568 2627 1703 2655 mortuo
1767 2636 1770 2644 =

267 2664 369 2698 sedes
394 2665 586 2708 Byzantina
607 2667 730 2713 perdiu
751 2668 861 2702 caruit
884 2668 1042 2712 praeside
1062 2672 1214 2712 pastore.

357 2710 465 2744 Paulo
495 2718 576 2756 post
605 2714 706 2747 etiam
737 2724 876 2757 magnus
909 2713 1114 2747 domesticus
1137 2711 1272 2746 mortali
1293 2709 1442 2744 excessit
1462 2708 1534 2743 vita
1557 2709 1703 2744 Palaeo-

268 2752 385 2800 lngus,
421 2757 575 2791 monachi
607 2758 643 2792 in
672 2759 820 2803 speciem
854 2758 922 2793 rite
953 2758 1183 2793 convestitus:
1219 2756 1343 2799 (8590)
1373 2755 1494 2790 missus
1517 2759 1571 2789 est
1592 2761 1705 2790 autem
