1786 3080
235 164 330 210 372
790 167 1140 213 EPHRAEMIUS

364 273 554 330 ὑπηκόοις
576 275 701 319 ἅπασι
719 279 786 320 καὶ
810 285 894 329 τοῖς
910 279 953 321 ἓν
967 277 1068 321 τέλει

363 339 389 399 ἦ
411 344 492 398 μὴν
509 343 699 401 φυλάξειν
716 347 855 404 τεκνίῳ
875 348 1006 390 πίστιν
1025 346 1172 400 σχέσιν.

364 410 445 454 εἶτα
465 414 716 468 παραδίδωσι
737 421 821 464 τοῖς
842 413 1083 471 ἐπιτρόποις,

229 484 340 524 9300
364 475 420 523 ὧν
438 485 595 536 πρῶτος
613 479 718 536 ῧπῆν
739 481 940 539 Γεώργιος
969 480 1217 535 Μουζάλων,

361 548 723 605 πρωτοβεστιάριος
748 549 802 592 ὢν
827 550 900 592 τ“ν
924 550 1052 601 ἀξίαν.

359 616 462 658 ἀλλὰ
491 623 665 673 τριταῖος
683 618 839 660 οὐδέπω
857 618 958 675 πρὸς
975 622 1034 676 τῷ
1050 616 1169 677 τάφῳ

362 683 482 726 ἔκειτο
504 684 642 742 νεκρὸς
663 684 833 737 ἄνακτος
851 686 1093 740 τεθειμένος,

363 754 429 795 καὶ
446 751 565 795 πάντ’
588 752 734 807 ἀναμὶξ
749 753 878 808 μεστά
896 771 938 797 τε
955 754 1177 812 τρικυμίας.

229 822 337 876 93οῥ
360 823 415 871 εἷς
435 820 512 876 γὰρ
534 820 788 878 Σωσάνὸρων
809 823 881 877 τὴν
897 822 1024 876 μονὴν
1041 819 1271 879 ἀφιγμένων

359 894 438 932 τῶν
461 889 502 931 ἓν
521 889 622 931 τέλει
640 906 682 932 τε
700 892 767 932 καὶ
786 889 1096 947 στρατευμάτων
1114 889 1295 945 στίφους,

361 954 416 1007 ὥς
435 955 484 998 ἂν
504 954 617 999 ὅσιάν
639 961 747 1000 θῶσι
767 962 825 1016 τῷ
851 956 1077 1013 τεθνηκότι,

360 1031 443 1075 τοῖς
465 1022 715 1080 κασιγνήτοις
735 1029 951 1082 συμπαρῆν
971 1028 1038 1068 καὶ
1059 1021 1306 1076 Μουζάλων,

360 1094 427 1134 καὶ
446 1097 519 1147 τῆς
538 1093 766 1149 φρικώδους
786 1095 938 1144 θυσίας
957 1093 1194 1147 τελουμένης

225 1163 337 1203 9310
357 1160 590 1212 Μουζάλων
610 1163 831 1218 παρίστατο
851 1163 925 1205 σὺν
948 1160 1161 1218 ὅμογνίοις.

359 1227 453 1271 ἀλλ’
487 1229 524 1271 οἳ
547 1231 756 1285 γερουσίας
776 1247 817 1272 τε
840 1232 906 1272 καὶ
924 1235 1003 1273 τῶν
1023 1231 1063 1271 ἐν
1080 1229 1181 1272 τέλει

359 1298 693 1354 συσπειραθέντες
713 1295 857 1348 πάντες
880 1300 935 1348 εἷς
960 1296 1193 1352 ὁμαιχμίαν,

360 1363 415 1414 ὥς
435 1364 565 1421 ἄγριοι
583 1366 710 1422 θῆρές
728 1383 770 1408 τε
790 1368 856 1407 καὶ
870 1364 1144 1422 βροτοκτόνοι,
1214 1402 1231 1418 ,

360 1433 422 1474 ἐπὶ
438 1433 567 1487 μονὴν
585 1433 731 1488 ἥλαντο
753 1434 827 1488 τὴν
846 1435 1083 1488 σεβασμίαν,

226 1502 334 1543 9315
358 1500 657 1557 ῥινηλατοῦντες
673 1499 894 1558 ε’κλαφύξαι
920 1502 994 1545 σῦν
1011 1502 1084 1561 βίᾳ

358 1567 721 1624 πρωτοβεστιάριον
737 1569 810 1612 σὺν
826 1567 1076 1623 ὅμαιμόνοιν.

359 1635 433 1678 σὺν
455 1634 706 1691 κασιγνήτοις
726 1635 960 1688 ΖΡΙουζάλων
983 1634 1215 1693 ᾐσθημένος

358 1701 471 1744 ἔνδον
489 1704 683 1758 τραπέζης
702 1708 905 1759 παναγοῦς
929 1703 1116 1746 &naemu
1128 1715 1139 1727 ·

359 1770 453 1812 ἀλλ’
478 1770 516 1812 οἱ
531 1773 668 1826 μιαροὶ
692 1774 758 1813 καὶ
779 1774 934 1828 φονικοὶ
954 1771 1048 1821 τοὺς
1069 1767 1243 1827 τρόπους

224 1840 334 1881 9320
354 1841 446 1880 ποσὶ
466 1837 654 1892 βεβήλοις
671 1838 952 1895 εἰσδραμόντες
972 1839 1126 1888 εὐθέως

361 1907 416 1956 εἷς
437 1905 547 1961 ἱερὰν
565 1905 760 1962 τράπεζαν
780 1907 1028 1964 ἱλαστηριόυ,

357 1973 576 2030 ξιφηφόροι
595 1991 636 2017 τε
657 1977 724 2017 καὶ
746 1978 887 2030 θυμοῦ
905 1971 1175 2025 πεπνευκότες,

434 2090 525 2126 9307
545 2091 596 2137 τῷ
621 2103 675 2126 om
698 2092 729 2124 V
866 2093 958 2128 9316
981 2088 1242 2136 o‘ffloetpdvotgv

221 2179 354 2215 adactis
378 2179 476 2226 prius
498 2179 536 2214 in
557 2184 711 2215 sanctum
731 2180 966 2216 iusiurandum
987 2180 1136 2216 subditis
1158 2179 1332 2214 universis
1354 2189 1396 2214 ae
1418 2178 1676 2224 magistratibus

222 2231 261 2260 ut
281 2231 530 2260 conservarent
550 2226 710 2261 stabilem
734 2227 842 2262 filiolo
867 2229 991 2269 fidem3
1023 2238 1124 2272 quem
1148 2224 1400 2260 commendavit
1429 2230 1551 2271 postea
1579 2230 1676 2262 unto-

222 2272 342 2315 ribus,
365 2272 489 2316 (9300)
514 2283 656 2316 quorum
672 2273 847 2317 Georgius
870 2273 1008 2307 Muzalo
1031 2272 1160 2318 primus
1183 2276 1277 2314 erat,
1309 2270 1572 2317 protovestiarii
1593 2276 1676 2306 tunc

222 2317 354 2350 honore
376 2318 537 2361 fungens.
584 2318 645 2351 sed
670 2317 759 2352 enim
783 2319 928 2353 necdum
949 2318 1099 2352 triduum
1133 2321 1310 2362 peractum
1342 2321 1418 2351 erat
1443 2327 1487 2350 ex
1518 2327 1585 2362 quo
1608 2316 1675 2351 im-

223 2370 365 2406 perator
401 2363 530 2397 tumulo
572 2363 730 2406 iacebat,
784 2363 920 2408 iamque
955 2364 1162 2398 aestuabant
1206 2361 1320 2396 omnia
1359 2366 1522 2415 tanquam
1565 2373 1673 2399 mare.

222 2407 345 2451 (9305)
370 2418 517 2451 namque
541 2408 584 2442 ad
606 2408 810 2443 coenobium
832 2409 1034 2443 salutarium
1058 2415 1244 2451 martyrum
1267 2418 1462 2453 progressis
1489 2407 1672 2452 magistra-

221 2452 315 2486 tibus
340 2457 445 2497 atque
469 2454 625 2488 exercitu
648 2458 686 2488 ut
708 2454 859 2500 principi
883 2455 1046 2488 defuncto
1069 2453 1161 2487 iusta
1193 2452 1388 2496 solverent,
1424 2452 1560 2487 Muzalo
1583 2463 1671 2496 quo-

222 2508 290 2540 que
314 2508 389 2531 cum
412 2499 584 2542 germanis
606 2499 716 2534 venit.
764 2500 843 2534 dum
868 2511 951 2544 ergo
975 2510 1074 2534 sacra
1094 2498 1287 2532 celebratur
1308 2497 1422 2541 missa,
1445 2498 1568 2541 (9310)
1589 2497 1670 2531 Mu-

220 2541 341 2575 zalone
358 2554 432 2576 cum
457 2544 621 2579 fratribus
640 2545 821 2589 adstante,
846 2557 890 2579 en
912 2543 1091 2580 senatores
1114 2543 1243 2588 aliique
1264 2544 1506 2588 magistratus,
1531 2542 1670 2587 conspi-

220 2586 355 2621 ratione
379 2589 531 2623 unanimi
555 2590 722 2634 conflata,
756 2601 819 2624 ceu
842 2591 1049 2625 furibundae
1071 2590 1169 2624 ferae
1190 2595 1294 2633 atque
1317 2587 1508 2622 homicidae
1529 2587 1566 2621 in
1587 2598 1669 2621 san-

221 2637 311 2666 ctum
336 2634 459 2667 cursim
482 2635 619 2670 irruunt
641 2635 842 2670 coenobium
889 2636 1012 2679 (9315)
1043 2636 1088 2670 ob
1110 2635 1327 2669 lacerandum
1350 2632 1512 2667 violentis
1543 2633 1669 2677 ungui-

221 2678 285 2711 bus
306 2688 381 2711 cum
404 2679 475 2712 suis
498 2681 668 2725 germanis
690 2681 1015 2726 protovestiarium3
1039 2681 1098 2725 qui
1115 2692 1155 2714 re
1173 2679 1348 2714 intellecta
1369 2679 1434 2713 snb
1454 2677 1587 2721 asylum
1609 2689 1668 2712 sa-

221 2734 315 2756 crum
347 2734 484 2758 mensae
518 2726 757 2760 sanctissimae
791 2727 916 2770 raptim
944 2727 1185 2770 confugerunt.
1231 2735 1350 2760 verum
1380 2723 1518 2757 scelesti
1549 2723 1601 2756 illi
1633 2727 1669 2757 et

220 2768 433 2812 sanguinarii
455 2770 579 2814 (9320)
605 2771 745 2816 pollutis
766 2771 912 2818 pedibus
935 2771 1114 2817 penetraie
1134 2770 1285 2816 ingressi
1307 2781 1329 2804 u
1373 2780 1417 2803 ue
1438 2768 1483 2802 ad
1507 2779 1589 2802 arae
1604 2779 1669 2813 pa-

220 2812 341 2848 cifioee
362 2825 511 2849 mensam
534 2827 678 2862 sacram,
702 2816 870 2853 districtis
893 2816 1029 2861 gladiis,
1052 2816 1182 2861 turgidi
1203 2816 1334 2859 furore,
1381 2825 1433 2849 em
1450 2818 1575 2848 tetrum
1589 2825 1667 2848 sce-
