1786 3080
278 142 338 188 18
815 134 1156 180 EPHRAEMIUS

795 239 1021 287 Αὐρηλιανὸς
1043 237 1105 284 ἔτη
1129 237 1174 278 ς’.

407 303 562 360 Τούτου
582 312 883 369 τελευτήσαντος
903 316 944 356 ἐν
965 313 1187 371 κραταρχίᾳ

401 382 654 441 Αὖρηλιανός
674 381 869 436 δυσμενὴς
882 379 1173 438 χριστωνύμοις

290 457 370 496 220
401 452 451 495 τὰ
472 456 651 506 σκῆπτρα
671 450 888 506 παρείληφε
908 453 979 503 τῆς
1001 447 1229 503 αὐταρχιάς.

404 517 544 562 τούτου
563 521 800 574 κρατοῦντος
818 518 985 557 Παῦλον
1004 513 1242 568 Σαμοσατέα

403 590 533 635 κακῶς
553 588 775 641 φρονοῦντα
795 584 974 637 πατέρων
990 586 1102 623 θεῖον
1118 587 1257 637 στῖφος

401 651 596 708 ἐπάρατον
615 652 750 704 τίθησι
769 651 834 691 καὶ
853 649 1098 702 βδελυκτέον.

401 724 471 773 τῆς
490 719 531 760 δ’
548 716 748 770 Ἀντιόχου
767 717 970 772 καθέδρας
988 713 1262 772 δεδραγμένον,

289 786 369 831 225
404 789 469 828 καὶ
489 784 603 839 τήνδε
622 786 693 842 βίᾳ
713 784 886 837 κατέχειν
905 782 1112 838 ᾑρημένον,

401 853 576 900 πεισθεὶς
597 849 617 893 ὅ
640 855 795 907 κρατῶν
816 850 986 903 εὐσεβῶν
1006 850 1161 905 ἕντυχίᾳ

402 925 575 976 γραφαῖς
596 918 746 972 ἀτίμως
769 915 960 968 ἐξελαύνει
979 921 1049 958 τοῦ
1069 914 1236 972 θρόνου.

828 1018 978 1067 Πρόβος
1000 1018 1062 1065 ἔτη
1085 1018 1130 1059 ς’.

401 1094 565 1152 Βραχῦν
584 1091 728 1150 χρόνον
753 1091 956 1148 Τάκητος,
993 1093 1092 1149 ἀνὴρ
1114 1090 1349 1149 πρεσβύτης.

402 1162 484 1205 εἶτα
510 1159 678 1216 Φλῶρός
695 1178 775 1211 τις,
805 1163 920 1217 φίλος
931 1159 1082 1216 Ἑρμοῦ
1100 1162 1165 1202 καὶ
1183 1158 1328 1214 μάχης,

286 1235 367 1275 230
400 1229 643 1285 παραλαβὼν
665 1228 778 1269 ἴθυνε
800 1228 872 1282 τὴν
892 1228 1147 1283 κραταρχίαν,

399 1301 525 1351 πρᾶος
545 1293 824 1349 μεγαλόψυχος
846 1294 1010 1345 εὐμενὴς
1029 1293 1211 1348 κράτωρ·

401 1358 448 1404 οὗ
470 1368 555 1411 ταῖς
576 1360 667 1402 κατ’
692 1361 850 1414 ἐχθρῶν
872 1357 1188 1413 ἓμβραᾶύνοντος
1205 1356 1367 1411 μάχαις,

402 1431 575 1485 στρατοῦ
597 1428 638 1468 δὲ
659 1429 826 1481 βρωτῶν
841 1425 1131 1474 κινδυνεύοντος
1147 1424 1299 1475 σπάνει,

402 1497 467 1538 ἐπ’
495 1494 612 1536 αὐτὸν
634 1494 857 1535 ἐκλείποντα
876 1496 978 1548 λιμῷ
1000 1493 1132 1534 σιτίων

287 1566 368 1608 235
403 1562 554 1617 ὄμβρον
571 1561 666 1617 σίτῳ
688 1557 907 1612 σύμμικτον
925 1559 1128 1614 ὄμβρῆσαι
1145 1554 1274 1611 λόγος,

399 1630 468 1672 τὸν
487 1626 647 1682 ὑψόθεν
667 1625 871 1679 βλύσαντα
892 1629 949 1683 τῷ
970 1630 1055 1682 λαῷ
1074 1623 1217 1679 μάννα,

401 1691 507 1753 ᾧπερ
527 1700 746 1751 τραφεῖσαν
767 1692 956 1748 στρατιὰν
975 1693 1189 1746 ἐνισχῦσαι.

479 1800 547 1834 229
570 1798 677 1832 codex
699 1795 848 1839 Φλῶρος
870 1796 944 1830 sine
966 1796 1069 1831 dubio
1092 1808 1156 1842 pro
1179 1795 1382 1837 Florianus3
1404 1794 1465 1829 sed
1485 1797 1599 1830 tamen
1619 1806 1702 1830 con-

481 1849 664 1888 sequentes
697 1841 814 1876 laudes
846 1841 961 1876 Probo
989 1846 1199 1886 congruunt,
1234 1846 1324 1875 teste
1347 1840 1449 1875 etiam
1471 1840 1620 1876 Zonara.
1667 1845 1703 1874 et

481 1889 618 1935 quidem
650 1888 784 1921 Probus
815 1885 978 1920 scribitur
999 1886 1035 1921 in
1058 1887 1187 1921 codicis
1209 1886 1443 1930 lemmatibus,
1479 1896 1548 1919 non
1575 1885 1702 1920 Florus

481 1938 542 1968 aut
571 1932 767 1968 Florianus.
814 1931 971 1966 existimo
1002 1932 1109 1976 igitur
1138 1941 1240 1965 unum
1274 1941 1409 1965 versum
1441 1929 1630 1974 excidisse,
1664 1931 1702 1964 in

480 1990 548 2022 quo
582 1989 603 2012 a
633 1977 798 2011 Floriano
830 1976 938 2010 fiebat
970 1976 1135 2011 transitus
1171 1976 1213 2011 ad
1246 1976 1406 2010 Probum.
1452 1974 1511 2020 M,
1545 1975 1606 2020 qui
1637 1986 1701 2021 pro

479 2019 630 2067 Φλῶρός
654 2021 749 2056 dedit
773 2020 932 2066 Πρόβος.

808 2110 1024 2144 Aurelianus
1047 2121 1107 2144 απ.
1130 2112 1164 2148 6.

355 2167 540 2211 Postquam
568 2164 624 2199 hic
654 2165 690 2198 in
718 2175 872 2210 purpura
894 2164 1001 2198 vitam
1024 2164 1162 2208 clausit,
1199 2164 1404 2198 Aurelianus
1427 2160 1704 2199 Christianorum

266 2210 347 2247 odio
369 2211 518 2246 imbutus
541 2210 640 2253 (220)
663 2209 783 2243 summi
803 2209 939 2254 imperii
959 2215 1130 2253 sceptrum
1148 2215 1286 2253 gestare
1302 2209 1429 2252 coepit.
1477 2219 1518 2242 eo
1533 2215 1704 2252 regnante

265 2256 407 2291 Paulum
439 2257 712 2290 Samosatensem
746 2265 855 2299 prava
888 2253 1090 2288 sentientem
1125 2259 1258 2299 patrum
1289 2253 1426 2287 divinus
1448 2252 1572 2288 chorus
1594 2253 1704 2287 edixit

268 2313 344 2335 esse
366 2301 577 2335 maledictum
600 2305 637 2334 et
660 2299 922 2340 exsecrabilem
948 2298 1008 2342 qui
1030 2310 1104 2332 cum
1122 2298 1369 2332 Antiochenam
1383 2297 1568 2332 invasisset
1583 2298 1702 2334 cathe-

268 2346 362 2379 dram
386 2347 485 2388 (225)
509 2344 717 2388 eandemque
740 2344 908 2378 niteretur
930 2344 966 2376 vi
987 2343 1158 2386 retinere,
1181 2344 1314 2388 piorum
1335 2342 1509 2387 legatione
1527 2347 1702 2388 permotus

268 2390 454 2434 imperator
476 2391 587 2425 missis
610 2389 718 2424 literis
742 2389 824 2423 sede
846 2388 994 2433 turpiter
1015 2399 1091 2422 eum
1116 2388 1231 2422 eiecit.

849 2454 984 2488 Probus
1006 2465 1065 2488 an.
1088 2455 1125 2489 6.

361 2509 468 2543 Brevi
489 2510 646 2555 regnavit
665 2509 825 2552 Tacitus,
849 2509 905 2542 vir
923 2509 1149 2553 grandaevus.
1195 2508 1275 2542 dein
1293 2508 1436 2554 Florus,
1461 2512 1497 2545 et
1515 2521 1593 2544 mox
1612 2509 1700 2544 Pro-

271 2555 357 2598 bus,
384 2555 474 2587 domi
494 2556 642 2599 bellique
662 2555 761 2598 (230)
784 2555 912 2596 bonus,
938 2565 1009 2588 rem
1032 2554 1148 2599 coepit
1168 2553 1336 2597 publicam
1359 2556 1564 2599 gubernare.
1609 2554 1702 2590 mitis

270 2599 328 2632 hic
349 2599 508 2643 princeps
527 2605 611 2643 erat,
633 2599 876 2644 magnanima-⁴35
897 2599 1105 2640 benevolum
1130 2597 1190 2642 qui
1205 2610 1278 2633 cum
1295 2600 1463 2634 diuturnis
1479 2599 1703 2634 distineretur

271 2642 384 2686 bellis,
405 2643 620 2688 periclitante
640 2645 792 2679 exercitu
813 2649 1055 2678 commeatuum
1074 2643 1230 2688 penuria,
1252 2644 1387 2689 iamque
1403 2644 1641 2679 deficientibus
1657 2646 1701 2679 ob

272 2689 396 2722 famem
417 2687 559 2732 viribus,
582 2690 682 2732 (235)
704 2689 814 2723 imber
835 2689 1034 2723 commixtus
1056 2688 1172 2722 tritico
1198 2689 1367 2723 decidisse
1390 2689 1527 2732 dicitur,
1553 2688 1701 2723 caeleste

271 2742 397 2767 manna
415 2731 621 2767 multitudini
642 2735 836 2779 affundens,
862 2744 930 2779 quo
952 2737 1070 2779 pastus
1092 2733 1185 2769 vires
1205 2733 1370 2779 pristinas
1390 2733 1524 2780 recepit
1544 2734 1655 2768 miles.
