1786 3080
280 148 343 193 20
817 143 1131 189 EPHRAEMIU
1133 145 1162 188 S

302 262 385 305 260
416 257 590 314 διωγμρν
608 254 809 314 ἀφόρητον
830 256 1081 313 ἓξηγειρέτην,

411 328 476 368 καὶ
497 324 600 367 κατὰ
620 324 771 380 δήμους
791 324 863 367 εἴτε.
877 322 1105 378 χιλιοστύας

413 391 621 449 μάρτυρας
638 392 841 448 ἀπέφηναν
859 392 1157 447 ἠγωνισμένους,

415 460 636 516 αὐθαίρετα
662 458 827 513 θύματα
838 491 851 510 ,
885 458 1180 514 καθηγνισμένα

412 526 576 583 Ξζιιψυχα
584 559 598 578 ,
632 527 836 570 παντέλεια
845 557 858 578 ,
893 525 1010 568 dext&
1034 526 1169 582 κυρίῳ.

296 600 375 640 265
409 594 615 651 γαμβροὺς
636 594 735 644 δυὰς
753 594 911 650 εἴληφεν
931 590 1233 649 αὐτοκρατόρων

412 665 466 712 εἰς
484 661 556 711 τὰς
574 660 724 704 ἑαυτῶν
743 660 937 717 φιλτάτας
955 657 1195 716 θυγατέρας,

411 728 432 770 ὃ
451 730 522 782 μὲν
538 729 711 785 Χλωρὸν
730 726 975 771 Κώνσταντα
986 759 997 777 ,
1028 726 1210 782 λαμπρὸν
1226 728 1283 781 τῷ
1299 724 1408 779 γένει,

408 801 480 838 τοῦ
500 797 769 850 παμμεγίστου
791 796 941 851 πατέρα
961 795 1273 843 Κωνσταντίνου,
1291 837 1294 839 μ

415 862 435 905 ὅ
459 863 743 917 Λιοκλητιανὸς
763 862 803 904 δ’
827 857 879 904 αὖ
897 864 1142 914 Μαξιμΐνον,

298 936 381 976 270
413 929 457 980 ὃς
481 932 521 970 Γ
519 930 672 986 αλέριος
691 924 741 983 ἦν
762 930 1077 983 ἓπικεκλημένος·

414 999 481 1040 καὶ
499 996 641 1040 τούσδε
663 1001 760 1056 τιμᾷ
779 1001 828 1053 τῇ
845 998 1053 1052 Καίσαρος
1072 995 1176 1054 ἀξία.

414 1066 495 1107 ἐπεὶ
515 1064 558 1106 δὲ
572 1063 849 1120 χριστώνυμον
866 1065 936 1107 οὐκ
953 1066 1042 1118 ἐνῆν
1062 1064 1203 1117 σβέσαι
1249 1111 1252 1114 Α

412 1133 541 1174 πολλὰ
562 1136 734 1185 καμοῦσι
752 1134 884 1174 τοῖσδε
903 1129 1110 1187 τυράννοις
1129 1130 1263 1182 σέβας,

416 1198 566 1247 ἑκόντες
592 1199 784 1240 ἀπέθεντο
805 1199 878 1252 τὴν
898 1199 1177 1253 σκηπτουχίαν,

300 1270 380 1309 275
414 1267 617 1322 Καίσαρσι
638 1263 771 1315 δόντες
790 1266 932 1307 διέπειν
952 1266 1003 1308 τὰ
1022 1270 1094 1308 τοῦ
1111 1261 1295 1320 κράτους,

415 1332 547 1387 ἄρχειν
566 1333 607 1372 Γ
604 1333 747 1387 αλερίῳ
767 1332 838 1384 μὲν
859 1330 1016 1384 ἁπάσης
1036 1333 1102 1379 ἕω,

412 1404 469 1456 τῷ
490 1397 722 1441 Κώνσταντι
742 1398 783 1439 δὲ
802 1396 1025 1450 βασιλεύειν
1045 1395 1227 1451 ἑσπέρας.

415 1461 465 1520 ἦν
485 1467 552 1507 καὶ
573 1466 703 1521 τρίτος
719 1462 909 1521 τύραννος
926 1466 967 1506 έν
978 1461 1110 1519 Ῥώμῃ
1129 1461 1260 1511 πάλιν,

408 1531 639 1589 “Ερκουλιόυ
665 1538 780 1582 παῖ’ς,
808 1531 1034 1582 Μαξέντιος
1053 1529 1259 1583 μαινόλης.

301 1603 382 1643 280
415 1600 518 1642 ἀλλὰ
542 1598 735 1648 Κώνστας
753 1599 825 1652 μὲν
846 1597 1008 1652 εὖμενὴς
1027 1592 1076 1651 ἦν
1095 1604 1176 1646 τοῖς
1194 1595 1312 1643 ὅλοις,

411 1664 711 1724 χριστωνῦμους
731 1666 884 1721 ἔστεργε
901 1669 981 1708 τῶν
999 1664 1130 1707 ἄλλων
1147 1664 1278 1714 πλέον,

416 1736 647 1786 Μαξιμῖνος
669 1734 714 1775 δὲ
734 1733 928 1788 δυσχερὴς
947 1730 1147 1786 ὖπηκόοις,

417 1798 733 1856 γυναικομανής,
760 1799 961 1854 μοιχικός,
991 1799 1102 1853 κοινὴ
1127 1797 1245 1852 λύμη,

414 1866 703 1924 χριστωνύμοις
723 1868 766 1909 δὲ
787 1869 1094 1924 δυσχερέστατος
1118 1867 1219 1917 λίαν,

498 1984 566 2018 276
595 1980 713 2026 ἀρχὴν
742 1982 775 2015 V
953 1983 1020 2017 277
1048 1982 1262 2016 Κώνσταντι
1284 1982 1406 2016 codex.
1453 1986 1489 2016 at
1510 1981 1643 2015 Latinis
1667 1985 1721 2015 est

500 2028 745 2073 Constantius,
771 2039 840 2063 non
861 2028 1045 2063 Constans.
1069 2028 1121 2066 M.
1299 2028 1366 2062 281
1388 2023 1425 2060 τ’
1448 2023 1617 2071 guttere?

285 2129 382 2175 priae
401 2128 552 2171 animae,
577 2127 678 2171 (260)
699 2128 974 2172 persecutionem
993 2132 1248 2163 commoverunt
1269 2129 1508 2173 asperrimam3
1529 2127 1721 2164 turmatim-

286 2186 355 2220 que
375 2185 438 2220 per
461 2172 604 2218 populos
626 2173 800 2217 ingentem
822 2184 997 2207 numerum
1018 2179 1203 2217 martyrum
1223 2174 1412 2207 effecerunt
1429 2173 1632 2207 certantium
1647 2174 1723 2207 for-

286 2220 393 2263 titer,
431 2217 642 2253 voluntarias
675 2229 796 2262 nempe
828 2218 985 2251 victimas
1007 2223 1042 2251 et
1064 2217 1281 2263 purissimas,
1318 2218 1449 2252 animas
1477 2228 1724 2263 usquequaque

289 2268 450 2309 acceptas
473 2262 622 2298 domiuo.
669 2263 769 2306 (265)
794 2273 895 2307 porro
919 2268 1062 2307 uterque
1085 2267 1249 2306 regnator
1269 2274 1431 2306 generum
1451 2262 1520 2297 sibi
1538 2263 1642 2307 legit,
1666 2262 1723 2297 cui

289 2309 464 2355 propriam
495 2306 676 2343 collocavit
708 2307 865 2341 dilectam
897 2307 1023 2351 filiam,
1055 2307 1283 2341 Maximianus
1313 2308 1459 2341 nobilem
1485 2307 1725 2342 Constantium

292 2354 472 2397 Chlorum,
497 2353 557 2398 qui
578 2352 715 2387 maximi
736 2352 955 2386 Constantini
977 2363 1100 2397 parens
1122 2353 1209 2394 fuit3
1232 2353 1466 2387 Diocletianus
1481 2357 1593 2387 autem
1608 2353 1724 2386 Maxi-

292 2399 437 2442 minum,
470 2399 570 2442 (270)
593 2398 648 2432 cui
670 2397 811 2432 Galerio
835 2408 971 2441 quoque
994 2409 1116 2431 nomen
1138 2402 1224 2431 erat.
1271 2403 1375 2442 atque
1397 2398 1450 2431 his
1473 2398 1646 2432 Caesarea
1668 2397 1725 2431 di-

293 2443 408 2487 gnitas
435 2449 488 2477 est
509 2443 653 2478 tributa.
696 2442 764 2477 iam
788 2453 862 2476 cum
879 2442 1109 2476 Christianam
1125 2442 1344 2486 exstinguere
1364 2443 1563 2487 religionem
1584 2441 1729 2486 tyranni
1757 2466 1762 2471 .

295 2488 362 2522 duo
392 2498 461 2521 non
492 2492 651 2532 possent,
684 2491 847 2522 conantes
876 2487 977 2531 licet,
1012 2487 1258 2521 abdicaverunt
1289 2488 1379 2522 ultro
1404 2489 1606 2532 dignitatem
1628 2497 1726 2521 suam

296 2530 397 2575 (275)
431 2532 706 2577 Caesaribusque
733 2531 911 2578 imperium
940 2532 1185 2576 permiserunt,
1217 2532 1267 2566 ita
1290 2539 1329 2567 ut
1350 2533 1509 2569 Galerius
1529 2532 1665 2577 quidem
1686 2531 1724 2566 in

295 2581 370 2610 toto
389 2576 540 2620 oriente,
564 2577 786 2612 Constantius
807 2578 844 2610 in
865 2576 1016 2611 occiduis
1037 2582 1197 2621 regnaret
1217 2578 1384 2622 partibus.
1431 2583 1506 2612 erat
1526 2578 1628 2611 etiam
1650 2582 1724 2610 ter-

298 2620 368 2655 tius
390 2621 519 2654 Romae
538 2628 723 2666 tyrannus,
746 2621 899 2655 Herculii
914 2622 1022 2665 filius,
1048 2622 1242 2656 Maxentius
1258 2623 1421 2657 furiosus.
1465 2623 1566 2666 (280)
1587 2632 1724 2655 verum—

298 2671 413 2699 tamen
445 2666 666 2702 Constantius
700 2666 831 2700 cunctis
863 2666 1016 2710 placidus
1050 2666 1264 2701 Christianos
1295 2668 1460 2712 diligebat
1485 2666 1726 2712 singulariter:

299 2714 338 2743 at
356 2709 564 2744 Maximinus
584 2711 809 2756 permolestus
821 2711 985 2755 subditis,
1011 2711 1228 2756 mulierosus,
1252 2714 1432 2756 moechus,
1453 2712 1561 2758 pestis
1577 2710 1728 2757 publica,

299 2754 508 2790 Christianis
539 2761 652 2791 autem
679 2756 949 2801 infensissimus,
984 2756 1084 2802 (285)
1107 2757 1257 2802 ipsorum
1280 2758 1348 2792 heu
1367 2759 1570 2794 decreverat
1589 2756 1728 2792 caedem
