1786 3080
239 124 333 170 128
778 124 1128 170 EPHRAEMIUS

520 231 796 272 Κωνσταντῖνος
818 229 840 267 o‘
864 230 1029 279 α’δελφός
1050 231 1167 270 adro&
1190 232 1252 280 ἔτη
1275 232 1310 281 β’
1333 233 1385 271 5'.

235 310 346 350 2920
368 303 528 348 Τούτου
552 304 870 359 μεταλλάξαντος
897 308 939 348 ἐν
966 306 1070 367 γήρᾳ
1092 309 1181 362 βίον

372 375 672 427 Κιονσταντΐνος
691 372 883 428 σύναιμος
901 374 1011 431 ἄρχει
1027 381 1098 418 τοῦ
1118 374 1316 432 κράτους,

374 440 491 496 ὄγκον
508 442 581 495 μέν
601 441 734 495 αὐχῶν
754 443 978 495 σωματικὸν
996 445 1061 485 καὶ
1081 446 1244 497 σθένος,

375 510 503 559 δειλὸς
522 510 566 551 δὲ
588 507 752 562 πάμπαν
769 511 958 566 καρδίαν,
992 511 1213 565 ἀνειμένος,

372 577 504 631 ’ἤθους
523 577 708 634 πεφυκὼς
725 581 941 631 μαλθακοῦ
964 580 1029 620 καὶ
1051 578 1241 638 ῥᾳθύμου
1247 612 1264 634 ,

241 649 352 688 2925
371 649 659 701 θεατρομανῶν
677 647 742 686 καὶ
761 644 898 699 κύβοις
915 649 1168 703 προσανέχων

375 719 548 769 τρυφαῖς
567 730 607 755 τε
619 745 632 764 ,
659 711 809 767 κώμοις
828 714 1076 771 ἀφροδισίοις
1089 716 1239 769 με’θαις

374 779 641 835 ἡδυπαθείαις
662 782 866 838 ἐντρυφῶν
874 814 887 833 ,
923 785 1159 836 συσσιτίοις,

373 850 464 901 βίον
480 853 581 901 βιοῦν
598 848 782 905 ἄντικρυς
804 849 1148 906 Σαρδαναπάλου,

377 916 548 971 ἄθυρμα
565 921 661 958 πᾶσι
680 916 906 973 βαρβάροις
925 917 1173 970 ἀντιπάλοις,

244 985 356 1026 2930
375 979 430 1026 ὧν
451 982 578 1039 ὁρμὰς
600 984 671 1026 οὐκ
691 984 813 1039 ἔκρινε
835 987 914 1027 δεῖν
936 984 1073 1035 ὅπλοις
1095 987 1249 1042 τρέπειν

375 1050 404 1104 ἢ
425 1049 672 1094 συνελαύνειν
691 1056 798 1107 σφᾶς
817 1053 920 1108 ξίφει
939 1052 1041 1108 πρὸς
1057 1055 1203 1096 δειλίαν
1210 1085 1227 1105 ,
1281 1086 1288 1090 -

377 1117 578 1173 ὑπηκόους
599 1120 642 1161 δὲ
663 1119 948 1173 καλαμώμενος
969 1119 1111 1178 φόροις

380 1186 608 1243 εἷσπράξεσί
625 1204 666 1229 τε
687 1189 958 1237 παντοδαπαῖς
978 1188 1166 1242 συχνάκις

378 1256 573 1305 ἐδεξιοῦτο
599 1256 766 1310 δωρεαῖς
786 1260 896 1312 σφᾶς
914 1255 1114 1312 ἀφθόνοις

247 1324 357 1364 2935
379 1327 458 1364 τῶν
475 1321 711 1376 ἀξιωμάτων
731 1340 772 1365 τε
793 1330 875 1373 τοῖς
898 1322 1145 1380 ὗπερτάτοις.

381 1388 486 1432 οὕτω
507 1389 748 1446 κατεπράϋνε
767 1389 988 1447 βαρβάρων
1006 1390 1185 1448 θράσος·

382 1460 590 1511 διαβολαῖς
611 1460 637 1499 δ
641 1458 654 1473 ²
681 1458 851 1500 εὕεικτον
873 1454 942 1508 οὗς
962 1454 1011 1513 ἦν
1030 1458 1199 1512 ὑπέχων,

381 1524 525 1579 ἥττητο
547 1529 685 1578 θυμοῦ
706 1528 770 1567 καὶ
794 1524 950 1581 φθόνου
972 1523 1037 1568 καὶ
1057 1529 1210 1577 κακίας.

383 1593 499 1635 ταῦτ’
522 1592 601 1648 ἄρα
619 1594 790 1642 πολλοὺς
812 1593 992 1649 ἐστέρησε
1014 1599 1087 1636 τοῦ
1105 1595 1197 1646 βίου
1207 1626 1221 1645 ,

251 1659 363 1702 2940
384 1660 516 1702 ἄλλων
537 1660 579 1701 δ’
602 1658 749 1715 ἐπήρου
771 1660 842 1710 τὰς
860 1659 982 1716 κόρας
999 1666 1077 1703 τῶν
1097 1660 1289 1716 ὀμμάτων

385 1730 428 1777 ἐξ
446 1725 633 1777 ὑπονοίας
654 1729 720 1769 καὶ
739 1732 863 1781 ψιλῆς
881 1726 1073 1783 ὑποψίας.

385 1797 464 1838 ἐπεὶ
487 1796 531 1836 δὲ
549 1793 767 1850 τετρύχωτο
786 1794 891 1854 »γήρα
911 1798 976 1838 καὶ
994 1795 1126 1846 νόσοις

387 1865 452 1904 καὶ
471 1861 661 1918 καθεώρα
681 1861 950 1918 προσδόκιμον
971 1863 1015 1906 τὸ
1032 1864 1191 1919 μέτρον,

380 1929 697 1989 Ἀργυρόπουλον
711 1929 913 1985 Ῥωμανὸν
936 1928 1236 1989 προσλαμβάνει
1244 1962 1260 1984 ,

544 2112 798 2147 Constantinus
820 2114 945 2147 Basilii
958 2116 1081 2158 frater
1102 2124 1162 2148 an.
1184 2114 1208 2148 2
1230 2124 1337 2146 mens.
1360 2113 1397 2147 6.

343 2168 469 2213 (2920)
493 2168 678 2213 Postquam
701 2170 902 2213 grandaeva
925 2176 1038 2204 aetate
1061 2169 1117 2204 hic
1140 2175 1280 2204 mortem
1303 2169 1409 2211 obiit,
1444 2168 1693 2203 Constantinus

255 2216 365 2249 frater
395 2213 574 2260 imperium
605 2214 735 2257 tenuit,
774 2222 908 2249 vastum
940 2215 1075 2259 quidem
1106 2225 1230 2259 corpus
1262 2214 1424 2258 viresque
1445 2213 1597 2257 iactans,
1629 2212 1692 2247 sed

254 2268 371 2295 tamen
408 2259 512 2293 corde
545 2259 683 2293 timidus
721 2265 756 2293 et
794 2260 984 2302 infractus,
1034 2259 1125 2293 molli
1162 2270 1289 2293 morum
1332 2270 1462 2303 genere
1496 2265 1532 2292 et
1564 2259 1691 2302 ignavo

255 2306 379 2349 (2925)
402 2304 530 2339 theatri
552 2310 654 2349 atque
679 2304 774 2338 aleae
796 2306 910 2338 studio
933 2305 1080 2348 deditus,
1116 2304 1261 2346 deliciis,
1298 2316 1439 2348 ganeae,
1476 2304 1557 2338 vino
1583 2311 1618 2337 et
1639 2302 1694 2337 rei

257 2363 447 2391 venereae,
483 2349 696 2394 voluptatum
728 2349 931 2394 mancipium
965 2356 1068 2394 atque
1089 2350 1211 2395 gulae,
1245 2350 1410 2384 aemulam
1434 2350 1539 2384 vitam
1562 2350 1713 2393 degens,

256 2395 508 2439 Sardanapalo,
539 2394 697 2429 barbaris
721 2395 850 2429 cunctis
874 2395 1028 2429 hostibus
1059 2394 1227 2439 ludibrio,
1264 2396 1388 2439 (2930)
1412 2406 1554 2440 quorum
1576 2394 1695 2428 incur-

257 2452 330 2474 sum
365 2442 452 2475 haud
484 2440 587 2474 armis
617 2439 785 2484 repellere
813 2452 878 2474 nec
907 2440 1031 2484 gladiis
1067 2440 1268 2486 propulsare
1307 2442 1351 2475 ob
1380 2446 1504 2474 metum
1537 2438 1695 2480 censuit3

258 2497 376 2519 verum
406 2485 546 2519 tributis
576 2485 730 2521 subditos
766 2491 940 2527 atterens,
975 2485 1147 2530 multaque
1170 2492 1205 2520 et
1227 2485 1326 2520 varia
1347 2486 1423 2520 sine
1444 2486 1513 2519 fine
1536 2485 1694 2528 exigenti,

256 2531 424 2564 barbaros
447 2530 642 2565 deleniebat
663 2531 826 2564 donorum
850 2530 1001 2573 cumulo,
1040 2531 1164 2575 (2935)
1187 2531 1331 2565 conlatis
1354 2531 1457 2565 etiam
1479 2530 1616 2564 summis
1638 2528 1695 2562 di-

257 2575 462 2620 gnitatibus,
494 2575 546 2610 sic
568 2577 787 2610 barbarorum
811 2576 971 2618 mitigans
992 2576 1169 2610 ferociam.
1228 2576 1402 2611 calumniis
1423 2579 1536 2609 autem
1558 2573 1695 2608 facilem

258 2631 373 2653 aurem
395 2622 575 2664 praebens,
599 2621 809 2663 iracundiae,
831 2620 996 2664 invidiae,
1023 2621 1226 2666 malignitati
1248 2621 1435 2665 obnoxius,
1459 2620 1580 2654 multos
1602 2629 1694 2652 mor-

257 2665 345 2699 tales
369 2666 532 2710 spoliavit
553 2667 650 2707 vita;
684 2667 806 2709 (2940)
830 2665 1001 2699 oculorum
1026 2666 1111 2700 alios
1134 2667 1272 2700 orbavit
1293 2666 1439 2706 lumine,
1463 2664 1694 2710 suspicionum

259 2717 426 2744 momento
457 2711 620 2756 impulsus
646 2711 729 2746 levi.
775 2712 906 2744 demum
939 2718 1080 2744 senecta
1115 2717 1150 2746 et
1182 2712 1309 2745 morbis
1342 2710 1576 2753 conflictatus,
1607 2709 1694 2742 iam-

258 2766 327 2800 que
365 2756 494 2790 instare
531 2768 674 2791 cernens
712 2756 806 2792 vitae
838 2756 958 2799 finem,
1002 2756 1191 2791 Romanum
1220 2755 1471 2803 Argyropulum
1503 2753 1693 2800 adoptavit,
