1786 3080
267 148 365 195 380
817 153 1164 200 EPHRAEmUS

398 262 462 304 ἐπὶ
481 260 679 318 μεγάλους
693 265 759 307 καὶ
782 268 1010 319 βασιλείους
1030 265 1193 322 δόμους,

397 329 474 387 ἀφ’
495 324 551 373 ὧν
567 332 702 388 φυγὰς-
713 331 873 378 ἕπλευσε
889 335 992 392 πρὸς
1006 335 1079 390 τὴν
1095 338 1286 393 πατρίδα.

262 400 372 441 9510
392 396 622 456 στράτευμα
639 401 678 442 δ’
707 400 891 445 ἐσκύλευε
905 401 1112 458 Ῥωμαίων
1127 404 1256 457 πόλιν,

391 465 539 522 ταύτης
558 468 670 511 ἐπιὸν
688 471 755 511 καὶ
779 472 1003 523 στενωποὺς
1018 475 1085 514 καὶ
1102 475 1279 529 τρίβους.

392 533 413 577 ὃ
435 537 460 577 δ
464 534 475 550 '
503 537 774 588 ἐκπεπλευκὼς
792 541 848 589 εἷς
867 539 1133 597 Δαφνουσίαν
1151 539 1311 594 στόλος,

390 602 483 646 κατ’
506 602 707 648 ἀνάπλουν
724 606 844 662 γνοὺς
860 606 1146 663 συμβεβηκότα
1164 608 1293 662 πόλει,

389 669 527 726 τάχιον
547 671 653 716 ἔπλει
673 674 1000 731 προσβοηθήσων
1020 675 1133 720 πόλει
1145 691 1156 703 ·

256 737 364 781 9515
389 738 482 781 ἀλλ’
503 738 529 796 ἦ
547 742 718 799 στρατιὰ
735 744 978 796 Λατινικαῖς
1003 746 1143 796 οῗκίαις

326 862 339 871 ‚
388 808 512 851 ἓνιᾶσι
534 813 613 866 πῦρ
633 812 700 853 καὶ
722 812 912 868 φλέγουσι
933 813 1009 864 τὰς
1024 812 1135 865 ὅλας,

387 875 484 934 ὅπερ
505 878 659 920 θεαθὲν
679 879 845 931 Ἰταλοῖς
864 882 930 923 καὶ
947 880 1158 938 μακρόθεν

387 942 515 1001 ὁρμὴν
533 945 691 1004 ἀπεῖρξε
708 949 775 989 καὶ
799 946 1027 992 σκεδαννύει
1044 947 1203 992 στόλον.

384 1010 462 1055 ὖπὸ
485 1016 730 1072 κραταρχίαν
748 1017 792 1058 δὲ
810 1017 947 1060 λοιπὸν
973 1014 1173 1062 Αὐσόνων

249 1081 360 1123 9520
380 1075 503 1132 αὖθις
525 1080 690 1138 ὑπήχθη
711 1086 872 1137 βασιλὶς
891 1090 971 1127 τῶν
987 1084 1140 1129 ἀστέων

385 1148 509 1204 οἷίσης
524 1150 714 1208 τετάρτης
729 1153 972 1203 ι’νδικτιιῦνος
986 1151 1090 1206 τότε,

382 1219 447 1259 καὶ
467 1218 575 1262 πέντ’
598 1218 764 1275 ἄγοντος
778 1220 962 1271 πεντάκις
977 1221 1163 1273 Ἰουλίου,

382 1284 495 1337 ἔτους
513 1287 553 1329 δ’
579 1289 849 1345 ἐπιτρέχοντος
872 1290 1000 1345 ἀρχῆς
1015 1290 1090 1331 ἀπ’
1110 1289 1238 1347 ἄκρης

375 1353 571 1408 χιλιάδων
588 1354 633 1406 (ἐξ
651 1355 898 1408 ἑπτακοσίοις
918 1357 1018 1412 ἅμα,

246 1424 355 1466 9525
378 1423 479 1479 πρὸς
503 1425 528 1465 δ
534 1423 546 1440 ³
567 1419 620 1467 αὖ
640 1423 726 1475 ἑνὸς
742 1426 900 1476 δέοντος
919 1423 1082 1475 ἑπτάκις
1097 1423 1206 1466 δέκα.

379 1491 544 1547 ἐχθροῖς
559 1492 601 1533 δ’
622 1493 788 1544 Ἰταλοῖς
801 1492 875 1547 ἣδε
893 1492 1188 1550 τυραννουμένη

377 1558 481 1601 ὀκτὼ
501 1559 601 1615 πρὸς
622 1559 863 1615 πεντήκοντα
888 1568 971 1611 τοῖς
991 1560 1099 1611 ὅλοις
1115 1557 1290 1616 χρόνοις,

378 1625 483 1669 οὕτω
503 1631 604 1669 θεοῦ
620 1626 831 1679 νεύσαντος
849 1627 876 1684 ἦ
897 1629 1204 1672 Κωνσταντίνου

378 1693 516 1746 πόλις,
551 1695 858 1751 πολυθρύλητος
883 1695 1116 1753 ἀνθρώποις
1138 1693 1260 1746 ὅλοις,

244 1762 355 1805 9530
376 1763 608 1817 οἰκουμένης
630 1762 775 1818 θαῦμά
796 1781 838 1806 τε
855 1766 921 1806 καὶ
938 1765 1040 1820 μέγα
1057 1763 1184 1814 κλέος,

374 1829 641 1887 ἠλευθερώθη
665 1833 859 1874 Λατίνων
880 1834 1114 1889 τυραννίδος

375 1896 662 1958 καὶζῬωμαὶκῷ
681 1901 963 1955 καθυπεκλίθη
985 1898 1135 1957 κράτει.

457 2061 550 2096 9514
570 2057 694 2095 ἐκπλεῖ
713 2063 744 2094 V

238 2205 370 2240 Caesar
397 2205 586 2242 Balduinus
613 2208 738 2242 cursim
768 2220 807 2243 se
835 2208 965 2254 regium
988 2207 1134 2244 contulit
1155 2207 1199 2243 ad
1218 2207 1400 2254 palatium,
1435 2219 1479 2243 ex
1496 2219 1566 2254 quo
1582 2209 1689 2244 eeleri

238 2263 328 2286 nave
358 2252 396 2286 in
427 2253 574 2299 patriam
606 2253 709 2298 fugit.
756 2254 879 2298 (9510)
903 2255 1042 2289 interim
1075 2259 1195 2289 noster
1225 2253 1322 2289 miles
1353 2253 1529 2299 spoliabat
1557 2257 1689 2300 urbem,

237 2297 313 2331 vias
337 2310 546 2334 concursans
569 2299 666 2333 vicos
691 2303 727 2332 et
756 2300 970 2346 angiportus.
1016 2301 1084 2335 iam
1114 2311 1204 2344 quae
1235 2299 1278 2334 ad
1310 2300 1546 2345 Daphnusiam
1569 2301 1689 2335 classis

235 2342 370 2386 iverat,
403 2345 569 2389 cognovit
590 2344 684 2379 urbis
708 2355 821 2379 casum
852 2346 943 2392 apud
964 2346 1145 2391 Anaplum,
1166 2346 1360 2389 raptimque
1380 2347 1424 2380 ad
1448 2345 1524 2380 eius
1546 2346 1687 2381 tutelam

235 2388 434 2424 advolabat.
481 2390 608 2435 (9515)
641 2400 758 2423 verum
789 2391 857 2425 iam
889 2397 1008 2426 noster
1039 2391 1136 2426 miles
1166 2390 1311 2425 Latinas
1341 2391 1459 2425 domos
1488 2390 1570 2436 igne
1603 2392 1687 2426 sub-

235 2433 327 2468 iecto
352 2440 493 2470 cunctas
522 2437 779 2476 concremabat3
811 2449 900 2482 quae
924 2449 980 2472 res
1003 2450 1023 2472 e
1046 2437 1130 2472 mari
1153 2436 1273 2481 procul
1300 2441 1460 2481 spectata
1480 2436 1578 2472 Italis
1592 2463 1602 2480 ,
1622 2437 1687 2471 ho·

235 2491 310 2514 rum
332 2482 488 2516 cohibuit
508 2482 688 2527 impetum,
712 2482 879 2526 dispersit
897 2483 1052 2520 classem.
1099 2483 1150 2517 sic
1172 2482 1216 2515 ad
1239 2482 1428 2516 Romanum
1451 2482 1558 2517 rediit
1579 2481 1688 2527 impe-

234 2525 323 2559 rium
347 2528 472 2570 (9520)
494 2528 613 2572 Cpolis
638 2526 769 2562 urbium
787 2528 928 2572 regina,
952 2528 1142 2563 indictione
1157 2532 1303 2572 quarta,
1326 2528 1407 2561 Iulii
1422 2528 1550 2562 mensis
1563 2527 1687 2572 quirita

236 2581 342 2615 supra
364 2572 564 2616 vigesimam
587 2573 723 2606 labente
747 2573 824 2616 die,
857 2585 946 2607 anno
981 2586 1025 2608 ex
1056 2585 1124 2619 quo
1147 2574 1292 2607 mundus
1315 2573 1381 2612 deo
1405 2579 1546 2608 creante
1571 2573 1687 2617 eoepit

234 2616 349 2650 sexies
370 2618 547 2652 millesimo
571 2624 606 2653 et
628 2618 934 2663 septingentesimo
957 2620 1082 2663 (9525)
1103 2625 1356 2665 praetereaque
1372 2630 1463 2652 nono
1483 2624 1519 2652 et
1537 2629 1685 2662 sexage-

232 2661 330 2697 simo.
379 2664 442 2698 sub
466 2664 628 2698 Italorum
652 2663 797 2698 hostium
819 2665 970 2698 dominio
997 2664 1244 2710 quinquaginta
1268 2668 1304 2698 et
1326 2670 1404 2698 octo
1429 2675 1537 2698 aunon
1558 2663 1685 2698 fuerat.

233 2708 390 2741 nimirum
417 2709 482 2743 deo
518 2709 671 2744 collibuit
695 2714 732 2743 ut
754 2709 976 2744 Constantini
1002 2710 1150 2744 omnium
1180 2709 1305 2753 linguis
1339 2707 1685 2752 celebratawivitas,

232 2753 356 2797 (9530)
382 2766 465 2788 vere
490 2755 604 2788 mundi
629 2754 825 2788 miraculum
850 2761 884 2789 et
908 2767 1064 2800 magnum
1090 2756 1215 2798 decus,
1244 2754 1452 2789 liberaretur
1484 2754 1685 2789 Latinorum

233 2799 419 2842 tyrannide
440 2799 619 2845 nostrique
642 2799 778 2845 imperii
799 2811 917 2835 rursus
939 2800 1068 2836 dicioni
1091 2801 1282 2838 accederet.
